2278 3614
1143 84 1192 117 88
184 173 1137 221 fiskaliſchen Gebietes und des Zuführungskanals
182 217 1137 263 von der forſtfiskaliſchen Grenze bis zur nord⸗
184 262 1140 308 öſtlichen Grenze des eiſenbahnfiskaliſchen Geländes
183 305 1137 350 bei Punkt A des angehefteten Lageplanes Blatt 2
185 350 1139 397 iſt Sache des Fiskus, die Aufnahme, Beſeitigung
183 394 1139 442 und Reinigung des zugeführten Waſſers iſt Sache
183 441 859 486 der Stadtgemeinde Charlottenburg.
615 532 707 571 § 17.
272 573 1142 617 Der Forſtfiskus iſt nicht berechtigt, Erſatz⸗
184 617 1140 663 anſprüche wegen Erſchwerung, Störung oder Unter⸗
183 662 1141 707 brechung des Charlottenburger Kanaliſations⸗
183 707 1143 752 betriebes geltend zu machen, die etwa infolge von
183 752 1139 796 behördlichen Anordnungen, Naturereigniſſen, Ar⸗
183 796 1140 840 beitseinſtellungen ſeitens der Angeſtellten oder in⸗
182 841 1138 886 folge von Handlungen und Ereigniſſen eintreten,
183 884 1140 929 die nicht auf ein Verſchulden der Stadtgemeinde
185 933 341 973 beruhen.
617 1021 709 1061 § 18.
264 1062 1143 1107 Die Feſtſtellung der zu bezahlenden ein⸗
184 1107 1142 1153 geleiteten Schmutzwaſſermenge geſchieht ohne Rück⸗
182 1151 1139 1197 ſicht auf die tatſächliche Abflußmenge derart,
183 1195 1140 1240 daß in jedem Halbjahr des Etatsjahres an 5 ver⸗
183 1239 1140 1286 ſchiedenen, vom Magiſtrat von Charlottenburg feſt⸗
183 1284 1140 1330 zuſetzenden Werktagen nach einem von dem Magi⸗
182 1328 1139 1375 ſtrat zu beſtimmenden Verfahren die ſekundliche
187 1373 1141 1419 Waſſermenge durch einen Beamten der Stadt
184 1417 1142 1463 Charlottenburg gemeſſen und aus dem Mittel
184 1461 1143 1506 dieſer Meſſung die Waſſermenge des zugehörigen
186 1505 1143 1552 Halbjahres berechnet wird. Der Magiſtrat beſtimmt
185 1549 1142 1597 die Tageszeit und die Dauer der Meſſung. Der
186 1594 1142 1641 Forſtfiskus iſt regelmäßig und rechtzeitig zur Be⸗
184 1639 1142 1686 teiligung aufzufordern. Die zur Vornahme der
186 1683 1141 1730 Meſſung notwendigen baulichen Anlagen und die
186 1727 1142 1773 erforderlichen Meßapparate ſind vom Forſtfiskus
185 1771 1141 1819 herzuſtellen bzw. zu beſchaffen und zu unterhalten.
619 1864 710 1906 § 19.
273 1906 1142 1953 Halbjährlich nachher, und zwar am 31. März
186 1950 1142 1995 und am 30. September jedes Jahres ſind an die
191 1995 1143 2040 Stadthauptkaſſe von Charlottenburg 5 Pfennig
186 2038 1144 2086 pro cbm des gemäß § 19 ermittelten Waſſers
187 2089 375 2130 zu zahlen.
276 2127 1145 2174 Der Feſtſetzung der Höhe der Gebühr iſt der
191 2172 1145 2220 zurzeit in Charlottenburg ortsübliche Tagelohn
189 2217 1144 2265 gewöhnlicher Tagelohnarbeiter über 16 Jahre,
191 2261 1147 2307 welcher auf Grund des Krankenverſicherungs⸗
190 2306 1146 2353 geſetzes von der höheren Verwaltungsbehörde zur⸗
189 2348 1154 2397 zeit auf 2,90 ℳ feſtgeſetzt iſt, zugrunde gelegt.
191 2394 1147 2442 Die Gebühr erhöht ſich im Laufe der Zeit in dem
190 2438 1146 2487 gleichen Verhältnis, in welchem der ortsübliche
190 2483 1147 2531 Tagelohn nach Feſtſetzung der höheren Verwal⸗
189 2529 1147 2575 tungsbehörde ſteigt. Sollte eine Feſtſetzung des
192 2573 1154 2619 ortsüblichen Tagelohnes nach Maßgabe des Kran⸗
188 2616 1147 2663 kenverſicherungsgeſetzes nicht mehr erfolgen, ſo
193 2661 1148 2706 entſcheidet über die Ortsüblichkeit des Tagelohnes
192 2706 1148 2752 im Streitfalle auf Anſuchen einer der beteiligten
196 2752 1149 2798 Parteien der Regierungspräſident in Potsdam
192 2796 1147 2841 bzw. ein von ihm zu ernennender Schiedsrichter.
247 2880 1091 2932 C. Gemeinſame Beſtimmungen
514 2932 826 2973 (zu A und B).
626 3022 717 3063 § 20.
283 3064 1150 3107 Die Mehrkoſten, welche einerſeits dem Fiskus
196 3109 1155 3152 insbeſondere infolge Einrichtung der im § 1 be⸗
197 3152 1156 3196 zeichneten Brücken für die Unterbringung der Druck⸗
197 3197 1155 3240 rohrleitungen andererſeits der Stadtgemeinde Char⸗
197 3241 1151 3285 lottenburg insbeſondere für vermehrte Bauanlagen
1165 168 2128 213 infolge des Anſchluſſes des im § 14 bezeichneten
1166 213 2127 257 forſtfiskaliſchen Gebietes an ihre Kanaliſation ent⸗
1167 258 2128 301 ſtehen, werden – ohne ſie ihrem Betrage nach
1167 301 1998 346 feſtzuſtellen – gegeneinander aufgerechnet.
1601 394 1693 434 § 21.
1255 435 2127 479 Der Vertrag wird auf die Dauer geſchloſſen,
1167 481 1798 526 jedoch mit folgenden Maßgaben:
1187 524 2128 569 I. bezüglich des Abſchnitts A §§ 1
1240 569 2134 611 bis 13 betreffend die Druckrohr⸗
1240 615 1532 657 leitungen:
1307 658 2135 701 Wenn die Rohrleitungen im ganzen Um⸗
1241 702 2130 747 fange oder im einzelnen nicht mehr betrieben
1243 747 2135 791 werden, hat die Stadtgemeinde das Recht und
1242 791 2131 836 auf Verlangen des Fiskus die Pflicht, auf
1243 836 2131 881 eigene Koſten die außer Betrieb geſetzten
1245 880 2129 924 Leitungen zu entfernen und dabei ferner die
1246 924 2130 969 Pflicht, die Geländeoberfläche und die Brücken
1243 969 2129 1014 auf eigene Koſten in den früheren Zuſtand
1243 1014 2131 1059 zu verſetzen. Sobald die letzte Leitung entfernt
1243 1059 2130 1104 iſt, verliert die Stadtgemeinde das Recht auf
1244 1104 2129 1146 weitere Benutzung des für die Leitungen
1242 1148 1960 1191 benutzten Geländes und der Brücken.
1170 1192 2131 1236 II. bezüglich des Abſchnitts B §§ 14
1243 1237 2130 1279 bis 20 betreffend den Anſchluß
1243 1282 2132 1323 der Kolonie an die Charlotten⸗
1242 1327 1828 1371 burger Kanaliſation:
1309 1371 2130 1412 Der im Abſchnitt B enthaltene Teil des
1248 1415 2130 1458 Vertrages erliſcht, falls durch Beſtimmungen
1245 1458 2136 1501 der Aufſichtsbehörden die Aufnahme der Ab⸗
1246 1503 2130 1546 wäſſer verboten, oder durch höhere Gewalt
1246 1548 2129 1591 oder infolge Einſchreitens der Aufſichtsbehörde
1245 1591 2130 1633 der Betrieb des Pumpwerks oder der Schmutz⸗
1245 1636 2133 1681 wäſſerreinigungsanlage (Rieſelfeld oder ähn⸗
1244 1681 1855 1724 liches) unmöglich gemacht wird.
1311 1725 2130 1768 Lehnt Charlottenburg die Aufnahme weiterer
1270 1769 2131 1813 Schmutzwäſſer über die feſtgeſetzte Höchſt⸗
1245 1814 2134 1858 menge von 10 000 cbm täglich ab, ſo kann der
1246 1858 2130 1903 Forſtfiskus den Vertrag unter Innehaltung
1246 1903 2129 1947 einer einjährigen Kündigungsfriſt kündigen.
1606 1995 1697 2033 § 22.
1260 2036 2131 2081 Endigt der im Abſchnitt B enthaltene Teil
1174 2080 2131 2125 des Vertrages, ſo hat der Forſtfiskus auf ſeine
1176 2125 2133 2169 Koſten die Anlagen an der Anſchlußſtelle mit der
1174 2169 2131 2213 ſtädtiſchen Kanaliſation zu beſeitigen. Durch die
1177 2214 2132 2259 Beendigung des im Abſchnitt B enthaltenen Teils
1175 2258 2132 2302 des Vertrages wird das im Abſchnitt A für die
1178 2302 2134 2347 Stadtgemeinde Charlottenburg begründete Recht
1175 2347 2134 2391 nicht berührt. Es bleibt vielmehr unverändert
1176 2395 1403 2437 fortbeſtehen.
1608 2484 1700 2525 § 23.
1264 2525 2134 2571 Der Vertrag tritt ein Jahr nach ſeinem Ab⸗
1176 2570 2134 2615 ſchluß dergeſtalt in Kraft, daß die Stadtgemeinde
1177 2613 2135 2659 Charlottenburg verpflichtet iſt, zu dieſem Zeit⸗
1176 2657 2134 2703 punkte die Schmutzwäſſer aus dem Grunewald
1178 2707 1434 2749 aufzunehmen.
1611 2795 1703 2836 § 24.
1266 2837 2138 2882 Der Forſtfiskus darf ſeine Rechte und Pflichten
1178 2881 2137 2925 aus dieſem Vertrage ganz oder teilweiſe an etwaige
1179 2927 1722 2971 Rechtsnachfolger übertragen.
1613 3017 1705 3059 § 25.
1265 3060 2140 3106 In betreff der Stempelkoſten dieſes Vertrages
1180 3106 2137 3149 verbleibt es bei den geſetzlichen Beſtimmungen.
1269 3150 1552 3194 Berlin, den
1820 3150 1933 3185 1910.
2039 3182 2136 3234 1910.
1267 3190 1814 3242 Charlottenburg, den
