2277 3614
1129 145 1179 186 18
192 240 1143 294 Das Reſtkaufgeld ſoll am 1. April 1913 ohne
191 293 612 340 Kündigung fällig ſein.
280 329 1145 379 Die Verkäuferin iſt berechtigt, ſchon vor dem
192 373 1145 429 gedachten Termine die ſofortige Rückzahlung des
193 421 998 473 geſamten Reſtkaufgeldes zu fordern, wenn
249 459 1145 514 1. die Zinſen des Reſtkaufgeldes nicht innerhalb
302 505 1148 556 einer Woche nach der jedesmaligen Fälligkeit
304 555 868 602 entrichtet werden, oder wenn
249 596 1147 645 2. die Zwangsverwaltung oder Zwangsver⸗
303 638 1154 690 ſteigerung über die verkaufte Parzelle ein⸗
304 689 777 735 geleitet wird, oder wenn
250 725 1148 778 3. der jedesmalige Eigentümer der Parzelle
303 770 1158 821 in Konkurs gerät oder auch nur ſeine Zahlun⸗
303 823 541 871 gen einſtellt.
285 868 1149 918 Der Käufer iſt berechtigt, das geſamte Kaufgeld
198 914 1035 967 zu jeder Zeit an die Verkäuferin zu zahlen.
286 957 1151 1009 Für dieſe Reſtkaufgeldforderung beſtellt der
199 996 1150 1054 Käufer mit der erkauften Parzelle Hypothek,
196 1046 1157 1097 und bewilligt und beantragt die Eintragung der⸗
197 1090 1150 1144 ſelben und der vereinbarten Kündigungs⸗ und
200 1134 1153 1188 Zahlungsmodalitäten in das Grundbuch an erſter
202 1190 322 1225 Stelle.
289 1222 1157 1271 Der Käufer unterwirft ſich und ſeine Rechts⸗
199 1266 1153 1319 nachfolger bezüglich des Reſtkaufgeldes und der
201 1309 1154 1364 Zinſen der ſofortigen Zwangsvollſtreckung in die
201 1355 1155 1407 von ihm erkaufte Parzelle und in ſein ſonſtiges
204 1395 1157 1452 Vermögen in der Weiſe, daß die Zwangsvoll⸗
201 1444 1154 1496 ſtreckung aus dieſer Urkunde auch gegen den
201 1487 1157 1541 jeweiligen Eigentümer des Grundſtücks zuläſſig
201 1541 361 1585 ſein ſoll.
292 1575 1160 1625 Der Käufer bewilligt, daß ſich die Gläubigerin
205 1620 1166 1672 und ihre Rechtsnachfolger vollſtreckbare Ausferti⸗
209 1664 1159 1719 gung dieſer Verhandlung erteilen laſſen, ſobald
209 1709 1159 1761 die Zinſen bzw. das Kapital fällig geworden ſind,
205 1753 1160 1805 und zwar, ohne daß der Eintritt der Fälligkeit,
207 1801 829 1849 nachgewieſen zu werden braucht.
295 1842 1162 1891 Die Eintragung dieſer Beſtimmung in das
210 1889 993 1936 Grundbuch wird bewilligt und beantragt.
296 1931 1161 1979 Der Käufer bewilligt und beantragt, daß der
208 1975 1162 2023 vom Grundbuchamt zu bildende Hypothekenbrief
210 2022 974 2067 an die Verkäuferin ausgehändigt werde.
655 2138 724 2178 § 3.
301 2186 1165 2236 Stellt ſich bei Beſchaffung des etwa erforder⸗
211 2231 1165 2283 lichen Kataſtermaterials heraus, daß die erkaufte
215 2271 1171 2327 Parzelle an Bauland einen größeren oder gerin⸗
213 2319 1166 2373 geren Flächeninhalt hat als den im § 1 angegebenen,
212 2362 1168 2415 ſo erhöht oder vermindert ſich der Kaufpreis
213 2406 1168 2458 nach einem Einheitsſatz von 1850 ℳ für die Qua⸗
214 2451 1167 2496 dratrute des ermittelten Mehr⸗ oder Mindermaßes.
217 2491 1170 2548 Für die Berechnung kommt nur der vom ſtädtiſchen
219 2540 1170 2591 Vermeſſungsamt in Charlottenburg feſtgeſtellte
216 2584 1170 2635 tatſächliche Flächeninhalt, abgerundet auf volle
218 2628 1171 2677 Quadratmeter, in Betracht. Der tatſächliche
220 2672 1179 2723 Flächeninhalt iſt auch maßgebend, wenn Kataſter⸗
219 2717 1031 2765 material nicht beſchafft zu werden braucht.
666 2847 734 2887 § 4.
311 2896 1175 2941 Die Auflaſſung ſoll ſtattfinden, ſobald die Ge⸗
223 2939 1175 2989 nehmigung des Bezirksausſchuſſes die Auflaſſung
223 2983 1176 3034 geſtattet, und ſobald ferner die von der Verkäuferin
224 3028 1177 3077 auf ihre Koſten zu beſchaffenden Kataſtermaterialien
223 3077 631 3122 beſchafft ſein werden.
303 3117 1179 3164 Nutzen und Laſten des Grundſtücks gehen
226 3162 1178 3207 mit dem Tage der Auflaſſung auf den Käufer über.
315 3205 1186 3250 Die Übergabe erfolgt in der Weiſe, daß die
230 3249 1180 3295 Verkäuferin dem Käufer erlaubt, ſich in den Beſitz
228 3295 723 3338 des Grundſtücks zu ſetzen.
1613 226 1682 269 § 5.
1259 266 2126 317 Die Verkäuferin leiſtet dafür Gewähr, daß die
1174 311 2134 364 verkaufte Parzelle frei von Hypotheken und Grund⸗
1173 355 2128 411 ſchulden iſt, bzw. daß dieſe gleichzeitig mit der
1175 400 2129 454 Auflaſſung zur Löſchung gebracht werden; ferner
1175 440 2128 499 dafür, daß Koſten für Grunderwerb, Pflaſterung
1174 489 2129 539 und Kanaliſation der Straßen (Anliegerbeiträge)
1177 532 2130 582 weder von dem Käufer noch von ſeinen Rechts⸗
1176 578 2130 631 nachfolgern erfordert werden, auch nicht für die
1179 621 2143 673 Verbreiterung oder Verſchönerung der Bismarck⸗
1177 661 2131 719 ſtraße nach § 9 des Kommunalabgabengeſetzes.
1264 709 2133 763 Dieſe Gewährleiſtung bezieht ſich auch auf die
1177 752 1969 810 ſpäter definitive Regulierung der Straße.
1621 851 1690 891 § 6.
1267 888 2134 939 Der Käufer verpflichtet ſich, die Faſſade eines
1181 932 2135 985 etwa zu errichtenden Wohnhauſes dem Magiſtrat
1180 977 2136 1031 zur Genehmigung vorzulegen und ſich etwaigen
1181 1022 2133 1073 Abänderungsvorſchlägen des Magiſtrats zu fügen.
1268 1061 2140 1119 Auf die Art des zu verwendenden Materials
1181 1106 2136 1165 hat der Magiſtrat indeſſen keinen Einfluß; derſelbe
1181 1155 2137 1208 hat ſich innerhalb 3 Wochen nach Einreichung des
1183 1199 2137 1250 Entwurfs der Faſſade über dieſe zu äußern, der
1183 1238 2140 1294 Entwurf der eingereichten Faſſade gilt als nicht
1183 1283 2139 1339 beanſtandet, wenn innerhalb dieſer Friſt dem Käufer
1185 1327 2141 1385 etwaige Abänderungswünſche des Magiſtrats nicht
1186 1385 1502 1430 zugegangen ſind.
1274 1421 2144 1472 Dieſe Verpflichtung iſt ſinngemäß durch grund⸗
1185 1468 1852 1516 buchliche Eintragung ſicherzuſtellen.
1630 1559 1699 1599 § 7.
1277 1597 2142 1647 Die Koſten und Stempel des Vertrages, der
1190 1638 2151 1695 Auflaſſung und der Eintragung ſowie die Umſatz⸗
1189 1694 1638 1740 ſteuer trägt der Käufer.
1275 1733 2143 1783 Ich halte mich an vorſtehenden Vertragsantrag
1189 1780 1820 1827 bis zum 1. März 1910 gebunden.
1278 1822 2144 1869 Dieſes Protokoll iſt dem Erſchienenen vor⸗
1191 1865 2146 1918 geleſen, von ihm genehmigt und wie folgt unter⸗
1190 1916 1364 1966 ſchrieben:
1559 1959 1776 2002 F. Eheſtädt,
1505 2002 1831 2046 Wilhelm Bading.
1283 2085 2150 2136 Vorſtehendes Protokoll wird hierdurch für
1194 2130 2147 2180 die Stadtgemeinde Charlottenburg ausgefertigt.
1285 2178 1895 2224 Berlin, den 31. Dezember 1909.
1401 2218 1900 2269 (L. S.) Wilhelm Bading,
1683 2267 1800 2301 Notar.
1512 2408 1868 2453 Druckſache Nr. 16.
1196 2469 2067 2518 Vorlage betr. Veräußerung des Grundſtücks
1498 2517 1863 2561 Bismarckſtraße 99.
1202 2580 1742 2625 Urſchriftlich mit Akten
1327 2622 2074 2663 an die Stadtverordneten⸗Verſammlung
1202 2667 1883 2713 mit dem Antrage, zu beſchließen:
1258 2708 2159 2756 1. Die Veräußerung des ſtädtiſchen Grundſtücks
1314 2753 2158 2801 Bismarckſtraße 99 nach Maßgabe der Offerte
1312 2798 2160 2846 des Kaufmanns Karl Zink – Nr. 400 des
1313 2844 2161 2891 Notariatsregiſters für 1909 des Geheimen
1312 2889 2055 2935 Juſtizrats Caſſel – wird genehmigt.
1261 2931 2161 2975 2. Der aus der Veräußerung erzielte Erlös
1313 2976 2095 3023 iſt dem Bismarckſtraßenetat zuzuführen.
1293 3019 2162 3068 Das vertragsgemäß durch Vermittelung der
1208 3066 2172 3113 Berliniſchen Bodengeſellſchaft zum Verkauf an⸗
1207 3109 2164 3159 geſtellte Grundſtück iſt der Reſt des früher Mannlich⸗
1209 3154 2165 3202 Lehmann'ſchen Grundſtückes. Die Lage des Grund⸗
1205 3199 2165 3246 ſtücks iſt aus dem Vertragsplane, aus dem in dem
1208 3243 2170 3291 anliegenden Sonderheft befindlichen Kataſter⸗
1208 3280 2165 3342 material und aus dem Plan Blatt 23 des Heftes
