2277 3614
1107 172 1149 205 20
161 262 1114 320 ſtücks gehen mit dem Tage der Auflaſſung auf den
166 320 408 362 Käufer über.
252 350 1118 403 Die Übergabe erfolgt in der Weiſe, daß die
169 393 1119 449 Verkäuferin dem Käufer erlaubt, ſich in den Beſitz
167 447 658 492 des Grundſtücks zu ſetzen.
612 533 682 576 § 5.
257 569 1123 622 Die Verkäuferin leiſtet dafür Gewähr, daß
171 615 1122 668 die verkaufte Parzelle frei von Hypotheken und
173 654 1125 714 Grundſchulden iſt, reſpektive, daß dieſe gleichzeitig
171 704 1124 756 mit der Auflaſſung zur Löſchung gebracht werden;
172 747 1131 805 ferner dafür, daß Koſten für Grunderwerb, Pflaſte⸗
172 791 1132 850 rung und Kanaliſation der Straßen (Anlieger⸗
174 837 1129 893 beiträge) weder von dem Käufer noch von ſeinen
176 880 1129 936 Rechtsnachfolgern erfordert werden, auch nicht für
175 923 1135 977 die Verbreitung oder Verſchönerung der Bismarck⸗
175 965 1131 1026 ſtraße nach § 9 des Kommunalabgabengeſetzes.
266 1013 1132 1067 Dieſe Gewährleiſtung bezieht ſich auch auf die
180 1055 1018 1116 ſpäter definitive Regulierung der Straße.
626 1153 695 1193 § 6.
259 1190 1137 1242 Der Käufer verpflichtet ſich, auf der erkauften
185 1233 1138 1290 Parzelle ein Wohnhaus zu errichten und mit
183 1278 1137 1334 deſſen Bau ſpäteſtens am 1. Juli 1910 zu beginnen.
183 1322 1140 1381 Iſt an dem Tage die Auflaſſung noch nicht erfolgt
186 1366 1141 1417 oder die Bauerlaubnis noch nicht erteilt, ohne daß
189 1411 1142 1465 den Käufer an der Verzögerung der Auflaſſung
189 1455 1144 1505 oder der Erteilung der Bauerlaubnis ein Ver⸗
189 1499 1144 1557 ſchulden trifft, ſo iſt der Käufer verpflichtet, mit
190 1542 1146 1596 dem Bau ſpäteſtens 14 Tage, nachdem die Auf⸗
190 1587 1148 1645 laſſung erfolgt und die Bauerlaubnis erteilt ſein
193 1643 552 1689 wird, zu beginnen.
281 1678 1150 1729 Der Käufer verpflichtet ſich, den Bau derart
194 1721 1150 1778 zu fördern, daß der Rohbau ſpäteſtens innerhalb
198 1766 1151 1816 7 Monaten nach dem Baubeginn und daß der ge⸗
196 1808 1151 1866 ſamte Bau ſpäteſtens innerhalb 18 Monaten nach
199 1855 1153 1907 dem Baubeginn vollendet iſt. Falls Froſtwetter
200 1902 1155 1954 den Beginn oder die Fortſetzung des Baues ver⸗
198 1945 1156 2002 hindern, ſo ſchieben ſich die oben gedachten Ter⸗
199 1990 1155 2042 minen für den Beginn und die Vollendung um
201 2033 1156 2088 ſo viel Tage hinaus, als das Hindernis angedauert
201 2090 271 2133 hat.
651 2166 720 2212 § 7.
297 2209 1162 2264 Falls Käufer den Verpflichtungen aus § 6
208 2252 1164 2308 dieſes Vertrages bezüglich des Baubeginnes nicht
209 2293 1164 2352 nachkommt, verpflichtet er ſich, eine Vertragsſtrafe
211 2341 1169 2390 von 7000 Mark an die Stadtgemeinde Charlotten⸗
211 2383 1166 2441 burg zu zahlen. Erfolgt der Baubeginn erſt nach
213 2425 1167 2484 Ablauf eines Jahres von den feſtgeſetzten Termine,
213 2473 1169 2531 ſo erhöht ſich die Vertragsſtrafe um 7000 Mark für
215 2519 886 2578 jedes angefangene folgende Jahr.
306 2563 1171 2617 Zur Sicherheit für die Erfüllung dieſer Ver⸗
215 2603 1178 2663 pflichtung beantragt der Käufer, eine Sicherungs⸗
216 2647 1172 2707 hypothek von 20 000 Mark für die Stadtgemeinde
220 2690 1182 2751 Charlottenburg unmittelbar hinter der Reſtkaufgeld⸗
207 2750 630 2797 hypothek einzutragen.
312 2785 1176 2837 Letztere iſt verpflichtet, in die Löſchung der
226 2829 1177 2883 Sicherungshypothek zu willigen, ſobald der Käufer
224 2873 1181 2924 den Bau bis zur Vollendung der Parterrebalken⸗
223 2926 577 2973 lage gefördert hat.
663 3012 739 3053 § 8.
317 3051 1185 3101 Der Käufer iſt verpflichtet, in dem zu errichten⸗
229 3095 1181 3142 den Neubau in den vier oberen Etagen im Vorder⸗
231 3139 1182 3195 gebäude Wohnungen nicht unter 8 Zimmer nebſt
233 3179 1184 3236 Badezimmer, in den Hintergebäuden der Regel
231 3228 1182 3280 nach nicht unter 3 Zimmern nebſt Badezimmer,
229 3273 1186 3324 in keinem Falle jedoch mehr als 2 Wohnungen
228 3317 1185 3369 mit 2 Zimmern nebſt Badezimmer in jeder Etage
1145 238 2099 298 anzulegen. Abweichungen von dieſer Bauver⸗
1145 282 2100 344 pflichtung ſind nur mit Zuſtimmung des Magiſtrats
1147 335 1679 384 von Charlottenburg zuläſſig.
1234 371 2101 426 Der Käufer verpflichtet ſich ferner, die Faſſade
1149 415 2110 473 des nach § 6 zu errichtenden Wohnhauſes dem Ma⸗
1150 460 2103 522 giſtrat zur Genehmigung vorzulegen und ſich et⸗
1152 503 2105 564 waigen Abänderungensvorſchlägen des Magiſtrats
1152 549 2105 610 zu fügen. Auf die Art des zu verwendenden Materials
1151 594 2106 654 hat der Magiſtrat indeſſen keinen Einfluß; derſelbe
1152 638 2108 698 hat ſich innerhalb 3 Wochen nach Einreichung des
1155 682 2108 738 Entwurfs der Faſſade über dieſe zu äußern, der
1155 725 2110 783 Entwurf der eingereichten Faſſade gilt als nicht
1156 771 2111 828 beanſtandet, wenn innerhalb dieſer Friſt dem Käufer
1158 815 2113 874 etwaige Abänderungswünſche des Magiſtrats nicht
1159 873 1475 920 zugegangen ſind.
1246 904 2113 959 Es iſt dem Käufer geſtattet, im Quergebäude
1160 950 2116 1009 für ſeinen eigenen Privatgebrauch eine Luxus⸗
1161 990 2117 1053 ſtallung und Wagenremiſe mit dazu gehöriger
1165 1046 1741 1098 Kutſcherwohnung einzurichten.
1608 1136 1678 1176 § 9.
1254 1171 2122 1224 Die Koſten und Stempel des Vertrages, der
1167 1213 2132 1273 Auflaſſung und der Eintragung ſowie die Umſatz⸗
1167 1269 1622 1319 ſteuer trägt der Käufer.
1258 1300 2126 1360 Käufer bekennt, mit den Hofgemeinſchaften
1168 1350 2025 1404 bekannt zu ſein und übernimmt dieſelben.
1605 1446 1696 1486 § 10.
1264 1482 2129 1536 Käufer darf auf der Linie b, c, d, d 1, e, f des
1175 1525 2130 1581 überreichten Lageplans Baulichkeiten von der
1179 1571 2132 1627 Baufluchtlinie aus nur in einer Maximaltiefe von
1180 1613 2130 1666 19 Metern und auf der Linie d, e vom Punkte d 1
1179 1659 2133 1716 aus nach beiden Seiten nur in einer Maximaltiefe
1180 1713 1692 1760 von 6,50 Metern errichten.
1615 1801 1705 1840 § 11.
1271 1835 2136 1892 Käufer iſt verpflichtet, mit der an die Line b,
1183 1880 2138 1940 c, d, d 1 angrenzenden Nachbarparzelle auf Ver⸗
1183 1928 2140 1984 langen der Verkäuferin hinſichtlich ſeines ganzen
1184 1970 2145 2029 freibleibenden Hofes die Hofgemeinſchaft einzu⸗
1185 2032 1300 2074 gehen.
1274 2056 2141 2111 Dem Käufer dieſer Parzelle iſt die gleiche
1190 2112 1637 2159 Verpflichtung auferlegt.
1277 2148 2144 2200 An dieſes Angebot halte ich mich bis zum
1193 2201 1661 2247 1. März 1910 gebunden.
1278 2236 2146 2292 Ich beantrage, dieſe Verhandlung einmal für
1193 2279 2148 2334 die Stadtgemeinde Charlottenburg und einmal
1194 2333 1653 2382 für mich auszufertigen.
1283 2368 2149 2420 Demnächſt wurde dieſes Protokoll dem Be⸗
1196 2413 2149 2470 teiligten in Gegenwart des unterzeichneten Notars
1198 2456 2149 2514 vorgeleſen, von dem Beteiligten genehmigt und
1199 2506 1884 2557 von ihm wie folgt unterſchrieben:
1589 2552 1782 2596 Carl Zink.
1275 2587 2080 2645 Geheimer Juſtizrat Oscar Heinrich Caſſel,
1201 2634 2154 2688 Notar im Bezirke des Königlichen Kammergerichts
1579 2685 1774 2730 zu Berlin.
1293 2719 2156 2779 Vorſtehende in das Notariatsregiſter des Jahres
1205 2769 2164 2824 Neunzehnhundertundneun unter Nummer 400 ein⸗
1205 2809 2166 2871 getragene Verhandlung wird hiermit zum erſten⸗
1205 2856 2166 2912 mal ſtempelfrei für die Stadgemeinde Charlotten⸗
1205 2902 2161 2957 burg mit dem Bemerken ausgefertigt, daß die
1208 2941 2162 3002 zweite Ausfertigung dem Kaufmann Herrn Carl
1210 2990 2139 3047 Zink zu Berlin, Helgoländer Ufer 2, erteilt iſt.
1298 3041 1910 3091 Berlin, den 24. Dezember 1909.
1599 3089 1777 3131 Geheimer
1254 3125 2121 3180 Juſtizrat Oscar Heinrich Caſſel,
1212 3168 2168 3223 Notar im Bezirke des Königlichen Kammergerichts
1593 3221 1786 3264 zu Berlin.
1215 3270 1320 3311 (L. S.)
