<?xml version="1.0" encoding="UTF-8" standalone="yes"?>
<PcGts xmlns="http://schema.primaresearch.org/PAGE/gts/pagecontent/2013-07-15" xmlns:xsi="http://www.w3.org/2001/XMLSchema-instance" xsi:schemaLocation="http://schema.primaresearch.org/PAGE/gts/pagecontent/2013-07-15 http://schema.primaresearch.org/PAGE/gts/pagecontent/2013-07-15/pagecontent.xsd">
    <Metadata>
        <Creator>Transkribus</Creator>
        <Created>2022-05-06T13:44:11.962+02:00</Created>
        <LastChange>2024-02-19T12:06:59.172+01:00</LastChange>
        <Comments>
                Measurement unit: pixel
                PrimaryLanguage: 
                Producer: Transkribus
            </Comments>
        <TranskribusMetadata docId="988838" pageId="38236906" pageNr="10" tsid="149042868" status="GT" userId="99551" imgUrl="https://files.transkribus.eu/Get?id=QHJCMXIGUPACZOHLOYYPBTZM&amp;fileType=view" xmlUrl="https://files.transkribus.eu/Get?id=YXASTCCWFSUWMPSSJCATSVFJ" imageId="30799985"/>
    </Metadata>
    <Page imageFilename="00000103.png" imageWidth="2278" imageHeight="3614">
        <PrintSpace>
            <Coords points="146,0 2278,0 2278,3614 146,3614"/>
        </PrintSpace>
        <ReadingOrder>
            <OrderedGroup id="ro_1708346586197" caption="Regions reading order">
                <RegionRefIndexed index="0" regionRef="r1"/>
                <RegionRefIndexed index="1" regionRef="r2"/>
                <RegionRefIndexed index="2" regionRef="r3"/>
            </OrderedGroup>
        </ReadingOrder>
        <TextRegion type="page-number" id="r1" custom="readingOrder {index:0;} structure {type:page-number;}">
            <Coords points="1103,171 1153,171 1153,214 1103,214"/>
            <TextLine id="r1l1" custom="readingOrder {index:0;}">
                <Coords points="1109,177 1148,177 1148,208 1109,208"/>
                <Baseline points="1109,208 1148,208"/>
                <TextEquiv>
                    <Unicode>91</Unicode>
                </TextEquiv>
            </TextLine>
            <TextEquiv>
                <Unicode>91</Unicode>
            </TextEquiv>
        </TextRegion>
        <TextRegion type="paragraph" id="r2" custom="readingOrder {index:1;} structure {type:paragraph;}">
            <Coords points="146,258 1113,258 1111,3361 146,3359"/>
            <TextLine id="r2l1" custom="readingOrder {index:0;}">
                <Coords points="156,266 173,265 633,263 716,263 912,264 960,265 1109,267 1112,301 912,305 386,306 173,306 156,299"/>
                <Baseline points="156,299 510,297 540,297 602,297 633,297 741,297 773,297 824,297 854,297 912,297 942,297 1017,296 1048,296 1105,294"/>
                <TextEquiv>
                    <Unicode>Elektrizitätswerk–, das Recht, die auf dem an⸗</Unicode>
                </TextEquiv>
            </TextLine>
            <TextLine id="r2l2" custom="readingOrder {index:1;}">
                <Coords points="157,311 355,308 355,308 1012,308 1063,309 1108,316 1108,339 1012,349 328,351 200,351 157,343"/>
                <Baseline points="157,343 328,342 355,342 525,342 550,342 613,341 636,341 725,341 751,341 858,341 884,341 1107,337"/>
                <TextEquiv>
                    <Unicode>liegenden Lageplan mit roter Farbe bezeichneten</Unicode>
                </TextEquiv>
            </TextLine>
            <TextLine id="r2l3" custom="readingOrder {index:2;}">
                <Coords points="160,355 181,353 568,352 1045,351 1045,351 1108,351 1108,384 1025,392 971,393 609,393 160,388"/>
                <Baseline points="160,387 373,386 395,386 453,386 477,386 686,385 710,385 1025,385 1045,385 1106,382"/>
                <TextEquiv>
                    <Unicode>Gebietsteile des Gutsbezirks Grunewald⸗Forſt mit</Unicode>
                </TextEquiv>
            </TextLine>
            <TextLine id="r2l4" custom="readingOrder {index:3;}">
                <Coords points="157,409 175,399 272,397 952,396 952,396 1067,396 1106,405 1106,428 1067,437 864,439 253,439 157,432"/>
                <Baseline points="157,431 345,431 379,432 518,431 553,430 606,431 642,431 875,431 913,431 1106,428"/>
                <TextEquiv>
                    <Unicode>elektriſcher Energie für Beleuchtung, Kraftüber⸗</Unicode>
                </TextEquiv>
            </TextLine>
            <TextLine id="r2l5" custom="readingOrder {index:4;}">
                <Coords points="157,446 353,442 353,442 939,442 1106,450 1106,473 1061,483 787,484 309,485 199,485 157,476"/>
                <Baseline points="157,476 309,476 353,476 500,475 544,475 611,475 653,475 787,475 833,475 957,474 1001,474 1103,472"/>
                <TextEquiv>
                    <Unicode>tragung, Heizung und ſonſtige Zwecke gegen</Unicode>
                </TextEquiv>
            </TextLine>
            <TextLine id="r2l6" custom="readingOrder {index:5;}">
                <Coords points="157,488 442,487 1055,485 1055,485 1105,485 1105,518 1006,526 981,527 332,529 157,529"/>
                <Baseline points="157,521 290,520 317,520 356,520 385,520 555,520 582,520 650,520 679,520 718,520 746,520 864,520 895,520 1026,519 1055,518 1105,518"/>
                <TextEquiv>
                    <Unicode>Entgelt zu verſorgen und zu dieſem Behufe die</Unicode>
                </TextEquiv>
            </TextLine>
            <TextLine id="r2l7" custom="readingOrder {index:6;}">
                <Coords points="159,533 180,532 416,531 997,530 997,530 1017,530 1105,539 1105,570 1017,571 379,572 180,572 159,566"/>
                <Baseline points="159,565 379,564 416,564 532,564 569,564 708,563 740,563 819,563 853,563 909,562 943,562 1105,562"/>
                <TextEquiv>
                    <Unicode>Ortsſtraßen, Plätze, Brücken uſw. zur Führung</Unicode>
                </TextEquiv>
            </TextLine>
            <TextLine id="r2l8" custom="readingOrder {index:7;}">
                <Coords points="156,585 172,575 439,574 439,574 1023,574 1105,583 1105,606 853,615 369,616 172,616 156,609"/>
                <Baseline points="156,608 397,608 439,607 626,607 670,607 853,606 895,606 961,606 1005,606 1105,606"/>
                <TextEquiv>
                    <Unicode>unterirdiſcher elektriſcher Leitungen und deren</Unicode>
                </TextEquiv>
            </TextLine>
            <TextLine id="r2l9" custom="readingOrder {index:8;}">
                <Coords points="157,620 357,619 582,618 924,617 924,617 1051,617 1104,626 1104,649 1051,657 786,659 184,661 157,661"/>
                <Baseline points="157,652 320,652 357,652 453,651 491,651 546,651 582,651 786,650 824,650 889,650 924,650 1104,649"/>
                <TextEquiv>
                    <Unicode>Zubehör, ſowie zur Aufſtellung von Transfor⸗</Unicode>
                </TextEquiv>
            </TextLine>
            <TextLine id="r2l10" custom="readingOrder {index:9;}">
                <Coords points="156,673 213,665 309,663 611,661 1050,660 1089,660 1104,675 1104,699 1085,702 990,701 820,703 309,703 156,697"/>
                <Baseline points="156,697 430,696 471,695 820,694 858,694 936,694 975,694 1014,694 1050,694 1102,692"/>
                <TextEquiv>
                    <Unicode>matorenſäulen, Umformerſtationen uſw. zu be⸗</Unicode>
                </TextEquiv>
            </TextLine>
            <TextLine id="r2l11" custom="readingOrder {index:10;}">
                <Coords points="156,718 173,711 308,708 623,706 623,706 1017,706 1104,715 1104,738 1059,747 223,749 173,749 156,741"/>
                <Baseline points="156,741 277,741 308,741 404,740 435,740 512,740 542,740 810,739 840,739 921,739 952,738 1104,738"/>
                <TextEquiv>
                    <Unicode>nutzen, ſowie auch gegebenenfalls dieſe Anlagen</Unicode>
                </TextEquiv>
            </TextLine>
            <TextLine id="r2l12" custom="readingOrder {index:11;}">
                <Coords points="155,763 256,752 665,750 1004,750 1063,751 1103,753 1105,787 949,791 170,793 155,793"/>
                <Baseline points="155,786 212,785 256,785 538,783 580,783 624,783 665,783 784,783 826,783 1004,783 1045,783 1102,783"/>
                <TextEquiv>
                    <Unicode>zur Stromlieferung an andere außerhalb des</Unicode>
                </TextEquiv>
            </TextLine>
            <TextLine id="r2l13" custom="readingOrder {index:12;}">
                <Coords points="156,807 197,797 241,796 390,795 731,794 731,794 780,794 844,795 1051,800 1103,804 1103,826 970,835 329,837 156,837"/>
                <Baseline points="156,829 329,829 370,828 500,827 538,827 691,827 731,827 918,827 956,827 994,827 1034,827 1101,826"/>
                <TextEquiv>
                    <Unicode>gedachten Bezirks gelegene Abnehmer zu ver⸗</Unicode>
                </TextEquiv>
            </TextLine>
            <TextLine id="r2l14" custom="readingOrder {index:13;}">
                <Coords points="157,847 233,840 483,838 483,838 868,838 1061,839 1086,840 1103,848 1103,870 1061,878 868,879 761,879 483,878 157,872"/>
                <Baseline points="157,872 305,871 377,871 447,871 483,871 676,870 713,870 912,870 946,870 1002,870 1050,870 1103,870"/>
                <TextEquiv>
                    <Unicode>wenden. Der Forſtfiskus verpflichtet ſich für</Unicode>
                </TextEquiv>
            </TextLine>
            <TextLine id="r2l15" custom="readingOrder {index:14;}">
                <Coords points="155,883 303,882 303,882 1101,882 1101,914 1019,922 666,923 181,923 155,921"/>
                <Baseline points="155,915 211,915 224,915 290,915 303,915 388,914 401,914 703,914 715,914 931,914 947,914 1101,914"/>
                <TextEquiv>
                    <Unicode>ſich und ſeine Rechtsnachfolger ausdrücklich, während</Unicode>
                </TextEquiv>
            </TextLine>
            <TextLine id="r2l16" custom="readingOrder {index:15;}">
                <Coords points="156,927 243,926 873,925 987,925 1055,927 1088,929 1104,927 1106,960 1092,966 1005,965 761,966 384,967 264,967 156,959"/>
                <Baseline points="156,959 212,959 243,959 508,959 539,959 645,959 674,959 761,959 790,958 843,958 873,958 1099,956"/>
                <TextEquiv>
                    <Unicode>der Vertragsdauer weder ſelbſt ein Elektrizitäts⸗</Unicode>
                </TextEquiv>
            </TextLine>
            <TextLine id="r2l17" custom="readingOrder {index:16;}">
                <Coords points="157,978 178,970 329,969 329,969 472,969 1021,970 1102,980 1102,1003 940,1011 472,1012 329,1012 264,1011 157,1004"/>
                <Baseline points="157,1004 237,1004 264,1003 303,1003 329,1003 483,1003 509,1003 575,1003 599,1003 638,1003 659,1003 835,1003 863,1003 940,1003 957,1003 1102,1003"/>
                <TextEquiv>
                    <Unicode>werk zu errichten und zu betreiben, noch anderen</Unicode>
                </TextEquiv>
            </TextLine>
            <TextLine id="r2l18" custom="readingOrder {index:17;}">
                <Coords points="159,1015 1020,1014 1020,1014 1050,1014 1102,1024 1102,1047 943,1056 422,1057 403,1057 159,1055"/>
                <Baseline points="159,1048 327,1048 358,1048 436,1048 468,1048 604,1048 636,1048 686,1048 719,1048 895,1048 928,1048 984,1048 1020,1049 1102,1047"/>
                <TextEquiv>
                    <Unicode>Perſonen oder Firmen die Erlaubnis zur Ver⸗</Unicode>
                </TextEquiv>
            </TextLine>
            <TextLine id="r2l19" custom="readingOrder {index:18;}">
                <Coords points="155,1060 587,1059 587,1059 984,1059 1102,1069 1102,1091 941,1101 169,1101 155,1092"/>
                <Baseline points="158,1089 275,1093 309,1093 372,1093 407,1093 532,1093 563,1093 641,1093 675,1093 750,1093 782,1093 837,1092 870,1092 1004,1092 1037,1091 1102,1091"/>
                <TextEquiv>
                    <Unicode>legung von Kabeln uſw. oder zur Abgabe von</Unicode>
                </TextEquiv>
            </TextLine>
            <TextLine id="r2l20" custom="readingOrder {index:19;}">
                <Coords points="157,1114 175,1105 264,1104 264,1104 487,1104 683,1105 735,1114 735,1136 544,1144 264,1144 157,1136"/>
                <Baseline points="157,1136 344,1136 367,1136 505,1136 530,1136 568,1136 593,1136 735,1136"/>
                <TextEquiv>
                    <Unicode>elektriſcher Energie zu erteilen.</Unicode>
                </TextEquiv>
            </TextLine>
            <TextLine id="r2l21" custom="readingOrder {index:20;}">
                <Coords points="244,1148 324,1147 324,1147 1082,1147 1100,1156 1100,1179 843,1187 660,1188 324,1188 244,1181"/>
                <Baseline points="244,1180 289,1180 324,1180 401,1180 436,1180 510,1180 545,1180 738,1179 773,1179 843,1179 881,1179 1015,1179 1050,1179 1100,1179"/>
                <TextEquiv>
                    <Unicode>Es ſteht dem Forſtfiskus frei, Dritten die</Unicode>
                </TextEquiv>
            </TextLine>
            <TextLine id="r2l22" custom="readingOrder {index:21;}">
                <Coords points="158,1191 1016,1191 1100,1200 1100,1231 973,1232 178,1232 158,1225"/>
                <Baseline points="158,1224 346,1224 369,1224 424,1223 449,1224 594,1223 617,1223 694,1223 718,1223 771,1223 793,1223 842,1223 866,1223 1100,1222"/>
                <TextEquiv>
                    <Unicode>Benutzung der Straßen uſw. für die Durchleitung</Unicode>
                </TextEquiv>
            </TextLine>
            <TextLine id="r2l23" custom="readingOrder {index:22;}">
                <Coords points="156,1236 243,1235 875,1234 875,1234 1057,1234 1100,1244 1100,1267 838,1275 243,1275 156,1268"/>
                <Baseline points="156,1268 211,1268 243,1268 437,1267 469,1267 545,1267 580,1267 685,1267 717,1267 894,1267 927,1267 984,1267 1019,1267 1100,1267"/>
                <TextEquiv>
                    <Unicode>der Elektrizität nach Orten außerhalb des Ver⸗</Unicode>
                </TextEquiv>
            </TextLine>
            <TextLine id="r2l24" custom="readingOrder {index:23;}">
                <Coords points="153,1282 245,1279 1023,1278 1061,1278 1101,1279 1102,1314 1086,1317 870,1320 207,1320 153,1311"/>
                <Baseline points="153,1311 383,1312 425,1312 478,1312 516,1312 578,1312 609,1311 731,1311 762,1311 828,1311 859,1311 912,1311 942,1311 991,1311 1023,1311 1098,1309"/>
                <TextEquiv>
                    <Unicode>tragsbezirkes für alle Zwecke und für die Ein⸗</Unicode>
                </TextEquiv>
            </TextLine>
            <TextLine id="r2l25" custom="readingOrder {index:24;}">
                <Coords points="153,1324 459,1323 459,1323 979,1323 1053,1329 1098,1333 1098,1355 721,1364 153,1364"/>
                <Baseline points="153,1356 297,1356 352,1356 416,1356 459,1356 653,1356 707,1356 782,1356 826,1356 979,1355 1035,1354 1098,1354"/>
                <TextEquiv>
                    <Unicode>führung von Elektrizität zum Betriebe von</Unicode>
                </TextEquiv>
            </TextLine>
            <TextLine id="r2l26" custom="readingOrder {index:25;}">
                <Coords points="154,1377 172,1368 261,1367 261,1367 1057,1367 1099,1370 1099,1398 1065,1407 754,1408 272,1408 154,1400"/>
                <Baseline points="154,1400 347,1400 393,1400 533,1400 584,1400 754,1400 809,1400 866,1399 907,1399 1098,1397"/>
                <TextEquiv>
                    <Unicode>elektriſchen Bahnen innerhalb des Vertrags⸗</Unicode>
                </TextEquiv>
            </TextLine>
            <TextLine id="r2l27" custom="readingOrder {index:26;}">
                <Coords points="151,1411 971,1410 1042,1410 1085,1411 1101,1410 1100,1436 1101,1450 865,1450 533,1451 367,1451 193,1450 151,1442"/>
                <Baseline points="154,1442 289,1443 309,1443 348,1443 367,1443 533,1443 572,1443 636,1442 656,1442 865,1442 885,1442 950,1442 971,1442 1098,1440"/>
                <TextEquiv>
                    <Unicode>bezirkes zu geſtatten. Die Einführung von Elektri⸗</Unicode>
                </TextEquiv>
            </TextLine>
            <TextLine id="r2l28" custom="readingOrder {index:27;}">
                <Coords points="153,1464 169,1455 313,1454 822,1453 822,1453 1076,1453 1099,1463 1099,1493 1076,1494 153,1494"/>
                <Baseline points="153,1486 230,1486 250,1486 343,1486 364,1486 473,1486 494,1486 565,1486 585,1486 648,1486 667,1486 701,1486 721,1486 777,1486 798,1486 900,1485 921,1485 1099,1485"/>
                <TextEquiv>
                    <Unicode>zität durch Dritte darf nur in der Weiſe geſchehen,</Unicode>
                </TextEquiv>
            </TextLine>
            <TextLine id="r2l29" custom="readingOrder {index:28;}">
                <Coords points="153,1498 1103,1497 1107,1534 934,1543 152,1535"/>
                <Baseline points="153,1530 216,1530 254,1530 304,1530 345,1530 620,1530 659,1530 935,1529 973,1529 1008,1529 1046,1529 1101,1529"/>
                <TextEquiv>
                    <Unicode>daß die Stadtgemeinde Charlottenburg in der</Unicode>
                </TextEquiv>
            </TextLine>
            <TextLine id="r2l30" custom="readingOrder {index:29;}">
                <Coords points="154,1542 251,1541 251,1541 969,1541 1039,1543 1100,1551 1100,1573 1081,1582 321,1582 154,1574"/>
                <Baseline points="154,1573 339,1574 382,1574 467,1574 511,1574 627,1574 671,1574 732,1574 776,1574 894,1574 939,1574 1100,1573"/>
                <TextEquiv>
                    <Unicode>Ausübung ihrer Rechte aus dieſem Vertrage</Unicode>
                </TextEquiv>
            </TextLine>
            <TextLine id="r2l31" custom="readingOrder {index:30;}">
                <Coords points="153,1596 175,1586 189,1585 189,1585 281,1585 926,1586 926,1619 790,1627 321,1631 303,1631 189,1626 153,1618"/>
                <Baseline points="153,1618 235,1618 262,1618 431,1618 459,1618 535,1618 563,1618 806,1619 835,1619 926,1618"/>
                <TextEquiv>
                    <Unicode>nicht behindert oder beeinträchtigt wird.</Unicode>
                </TextEquiv>
            </TextLine>
            <TextLine id="r2l32" custom="readingOrder {index:31;}">
                <Coords points="240,1629 346,1629 1073,1630 1101,1640 1101,1662 745,1672 439,1672 316,1671 240,1663"/>
                <Baseline points="240,1663 346,1663 384,1663 477,1663 517,1664 789,1663 827,1663 907,1663 946,1662 995,1662 1033,1662 1101,1662"/>
                <TextEquiv>
                    <Unicode>Durch obige Beſtimmungen wird die An⸗</Unicode>
                </TextEquiv>
            </TextLine>
            <TextLine id="r2l33" custom="readingOrder {index:32;}">
                <Coords points="153,1675 406,1674 406,1674 991,1674 1102,1683 1102,1706 1014,1715 218,1715 184,1714 153,1706"/>
                <Baseline points="155,1703 272,1707 307,1707 371,1707 406,1707 747,1706 781,1706 834,1706 868,1706 931,1706 965,1706 1102,1706"/>
                <TextEquiv>
                    <Unicode>legung von Elektrizitätswerken für den eigenen</Unicode>
                </TextEquiv>
            </TextLine>
            <TextLine id="r2l34" custom="readingOrder {index:33;}">
                <Coords points="155,1718 176,1717 176,1717 306,1717 990,1718 1100,1727 1100,1758 176,1758 155,1751"/>
                <Baseline points="155,1751 322,1750 358,1750 519,1751 555,1751 688,1751 721,1751 787,1751 823,1750 873,1750 910,1750 1100,1750"/>
                <TextEquiv>
                    <Unicode>Gebrauch einzelner Beſitzer und die Verlegung</Unicode>
                </TextEquiv>
            </TextLine>
            <TextLine id="r2l35" custom="readingOrder {index:34;}">
                <Coords points="154,1767 240,1761 240,1761 1063,1761 1101,1762 1101,1802 773,1803 587,1803 411,1802 154,1793"/>
                <Baseline points="154,1793 218,1794 240,1794 366,1794 386,1794 465,1794 488,1794 543,1794 565,1794 773,1794 796,1794 984,1794 1007,1794 1101,1794"/>
                <TextEquiv>
                    <Unicode>von Kabeln uſw. zur Fortleitung elektriſcher Kraft</Unicode>
                </TextEquiv>
            </TextLine>
            <TextLine id="r2l36" custom="readingOrder {index:35;}">
                <Coords points="153,1815 191,1805 999,1805 1086,1806 1102,1807 1102,1845 1091,1845 919,1847 777,1847 191,1846 153,1838"/>
                <Baseline points="153,1838 229,1838 251,1838 406,1838 429,1838 611,1839 628,1839 760,1839 777,1839 953,1838 969,1838 1100,1837"/>
                <TextEquiv>
                    <Unicode>nach anderen, demſelben Beſitzer gehörigen Grund⸗</Unicode>
                </TextEquiv>
            </TextLine>
            <TextLine id="r2l37" custom="readingOrder {index:36;}">
                <Coords points="155,1849 1057,1849 1101,1852 1101,1881 1012,1890 662,1891 331,1891 155,1889"/>
                <Baseline points="155,1882 267,1882 292,1882 376,1882 402,1882 662,1883 715,1883 778,1883 806,1883 880,1883 905,1883 1101,1881"/>
                <TextEquiv>
                    <Unicode>ſtücken nicht ausgeſchloſſen. Die dem Forſtfiskus</Unicode>
                </TextEquiv>
            </TextLine>
            <TextLine id="r2l38" custom="readingOrder {index:37;}">
                <Coords points="155,1904 176,1894 242,1893 242,1893 1083,1893 1100,1903 1100,1926 1065,1933 831,1935 406,1935 242,1934 155,1926"/>
                <Baseline points="155,1926 232,1927 242,1927 351,1927 361,1927 686,1927 701,1927 876,1926 891,1926 1100,1925"/>
                <TextEquiv>
                    <Unicode>oder ſeinen Rechtsnachfolgern gehörigen Grundſtücke</Unicode>
                </TextEquiv>
            </TextLine>
            <TextLine id="r2l39" custom="readingOrder {index:38;}">
                <Coords points="154,1947 203,1939 263,1937 263,1937 1003,1937 1056,1938 1098,1947 1098,1969 1056,1977 895,1978 263,1978 154,1970"/>
                <Baseline points="154,1970 220,1970 263,1970 469,1970 513,1970 670,1970 715,1970 820,1970 861,1970 939,1970 982,1970 1098,1969"/>
                <TextEquiv>
                    <Unicode>und öffentlichen Straßen, Plätze uſw. dürfen</Unicode>
                </TextEquiv>
            </TextLine>
            <TextLine id="r2l40" custom="readingOrder {index:39;}">
                <Coords points="153,1982 223,1981 223,1981 1008,1981 1099,1991 1099,2021 655,2021 153,2020"/>
                <Baseline points="153,2013 274,2013 292,2013 398,2013 418,2013 481,2013 499,2013 561,2013 580,2013 824,2013 845,2013 1099,2012"/>
                <TextEquiv>
                    <Unicode>hierbei jedoch nur mit ausdrücklicher Genehmigung</Unicode>
                </TextEquiv>
            </TextLine>
            <TextLine id="r2l41" custom="readingOrder {index:40;}">
                <Coords points="153,2025 236,2023 236,2023 608,2023 804,2025 824,2034 824,2056 804,2057 643,2064 341,2064 153,2055"/>
                <Baseline points="153,2055 209,2055 236,2055 510,2056 535,2056 658,2056 683,2056 820,2054"/>
                <TextEquiv>
                    <Unicode>der Stadtgemeinde benutzt werden.</Unicode>
                </TextEquiv>
            </TextLine>
            <TextLine id="r2l42" custom="readingOrder {index:41;}">
                <Coords points="240,2067 560,2067 1013,2068 1070,2069 1100,2070 1100,2100 811,2108 741,2109 601,2109 495,2107 240,2099"/>
                <Baseline points="240,2099 304,2099 343,2099 404,2100 443,2100 560,2100 601,2100 761,2101 799,2101 852,2101 891,2101 942,2101 983,2101 1100,2100"/>
                <TextEquiv>
                    <Unicode>Die aus dieſem Vertrage für die Stadt⸗</Unicode>
                </TextEquiv>
            </TextLine>
            <TextLine id="r2l43" custom="readingOrder {index:42;}">
                <Coords points="153,2120 247,2111 720,2111 1049,2112 1086,2113 1103,2113 1103,2149 1085,2150 968,2153 382,2153 153,2151"/>
                <Baseline points="153,2143 323,2143 345,2143 618,2144 638,2144 862,2144 885,2144 1001,2145 1022,2145 1101,2143"/>
                <TextEquiv>
                    <Unicode>gemeinde Charlottenburg begründeten Rechte blei⸗</Unicode>
                </TextEquiv>
            </TextLine>
            <TextLine id="r2l44" custom="readingOrder {index:43;}">
                <Coords points="153,2155 282,2154 282,2154 386,2154 1046,2156 1100,2159 1100,2198 901,2198 282,2195 153,2186"/>
                <Baseline points="153,2186 216,2187 240,2187 386,2188 409,2188 476,2188 502,2188 633,2189 657,2189 734,2189 759,2189 875,2189 901,2189 1100,2189"/>
                <TextEquiv>
                    <Unicode>ben beſtehen und werden vom Fiskus zugeſichert,</Unicode>
                </TextEquiv>
            </TextLine>
            <TextLine id="r2l45" custom="readingOrder {index:44;}">
                <Coords points="155,2208 201,2199 201,2199 400,2199 772,2200 1077,2201 1102,2211 1102,2234 772,2241 563,2241 201,2240 155,2231"/>
                <Baseline points="155,2231 230,2231 262,2231 358,2232 388,2232 441,2232 470,2232 520,2232 549,2233 772,2233 803,2233 1018,2234 1049,2234 1102,2234"/>
                <TextEquiv>
                    <Unicode>auch wenn für die bezeichneten Gebietsteile ein</Unicode>
                </TextEquiv>
            </TextLine>
            <TextLine id="r2l46" custom="readingOrder {index:45;}">
                <Coords points="155,2253 173,2243 173,2243 435,2243 871,2245 1065,2246 1100,2255 1100,2278 882,2285 705,2285 173,2283 155,2275"/>
                <Baseline points="155,2275 284,2276 301,2276 648,2277 666,2277 882,2278 902,2278 1100,2278"/>
                <TextEquiv>
                    <Unicode>eigener Kommunalverband (Gutsbezirk, Gemeinde⸗</Unicode>
                </TextEquiv>
            </TextLine>
            <TextLine id="r2l47" custom="readingOrder {index:46;}">
                <Coords points="154,2287 444,2287 1056,2288 1100,2299 1100,2320 916,2328 305,2328 195,2326 154,2318"/>
                <Baseline points="154,2318 269,2319 305,2319 444,2319 479,2320 609,2320 644,2320 743,2320 813,2321 936,2321 972,2321 1100,2320"/>
                <TextEquiv>
                    <Unicode>bezirk) gebildet werden ſollte. Ebenſo bleiben</Unicode>
                </TextEquiv>
            </TextLine>
            <TextLine id="r2l48" custom="readingOrder {index:47;}">
                <Coords points="155,2331 232,2330 296,2330 977,2332 1020,2335 1089,2334 1103,2338 1107,2370 1093,2377 1061,2373 903,2373 458,2372 274,2371 155,2363"/>
                <Baseline points="155,2363 204,2363 232,2363 348,2363 374,2363 521,2364 546,2364 613,2364 641,2364 772,2364 799,2364 876,2364 903,2364 1020,2365 1047,2365 1101,2365"/>
                <TextEquiv>
                    <Unicode>die Rechte beſtehen und werden vom Fiskus zu⸗</Unicode>
                </TextEquiv>
            </TextLine>
            <TextLine id="r2l49" custom="readingOrder {index:48;}">
                <Coords points="154,2384 167,2374 167,2374 257,2374 940,2376 1056,2377 1100,2386 1100,2410 635,2416 154,2416"/>
                <Baseline points="154,2407 311,2408 333,2408 429,2408 448,2408 497,2408 517,2408 737,2409 758,2409 972,2409 991,2409 1100,2410"/>
                <TextEquiv>
                    <Unicode>geſichert, wenn die bezeichneten Gebietsteile einem</Unicode>
                </TextEquiv>
            </TextLine>
            <TextLine id="r2l50" custom="readingOrder {index:49;}">
                <Coords points="155,2428 200,2419 200,2419 278,2419 1072,2421 1088,2424 1088,2454 823,2462 743,2462 176,2452 155,2451"/>
                <Baseline points="155,2451 278,2452 323,2453 520,2454 564,2455 697,2454 743,2454 854,2454 897,2454 1088,2454"/>
                <TextEquiv>
                    <Unicode>andern Gemeinde⸗ (Guts⸗) Bezirk einverleibt</Unicode>
                </TextEquiv>
            </TextLine>
            <TextLine id="r2l51" custom="readingOrder {index:50;}">
                <Coords points="156,2470 224,2465 367,2464 367,2464 412,2464 1071,2465 1099,2476 1099,2508 937,2508 533,2506 156,2496"/>
                <Baseline points="156,2496 296,2497 367,2497 430,2497 467,2498 648,2498 683,2498 745,2498 781,2498 900,2499 937,2499 1099,2499"/>
                <TextEquiv>
                    <Unicode>werden. Die Anſprüche aus dieſem Vertrage</Unicode>
                </TextEquiv>
            </TextLine>
            <TextLine id="r2l52" custom="readingOrder {index:51;}">
                <Coords points="154,2507 212,2507 846,2509 1062,2511 1101,2520 1101,2543 760,2550 574,2551 373,2552 344,2552 154,2547"/>
                <Baseline points="154,2540 221,2541 254,2541 373,2542 406,2542 483,2542 516,2542 618,2542 651,2542 712,2542 745,2542 784,2542 815,2542 990,2543 1023,2543 1101,2543"/>
                <TextEquiv>
                    <Unicode>ſind danach auch gegen den zu bildenden oder</Unicode>
                </TextEquiv>
            </TextLine>
            <TextLine id="r2l53" custom="readingOrder {index:52;}">
                <Coords points="154,2561 172,2552 172,2552 437,2552 952,2554 988,2555 1033,2557 1033,2587 952,2595 873,2595 279,2586 172,2584 154,2583"/>
                <Baseline points="154,2583 437,2586 466,2586 813,2586 841,2586 1033,2587"/>
                <TextEquiv>
                    <Unicode>einverleibenden Kommunalverband begründet.</Unicode>
                </TextEquiv>
            </TextLine>
            <TextLine id="r2l54" custom="readingOrder {index:53;}">
                <Coords points="240,2596 272,2596 1004,2597 1099,2598 1099,2631 1004,2638 338,2638 240,2629"/>
                <Baseline points="240,2629 310,2629 338,2629 532,2630 560,2630 758,2630 785,2630 840,2630 868,2630 922,2630 947,2630 1004,2630 1032,2630 1099,2630"/>
                <TextEquiv>
                    <Unicode>Der Forſtfiskus verpflichtet ſich für ſich und</Unicode>
                </TextEquiv>
            </TextLine>
            <TextLine id="r2l55" custom="readingOrder {index:54;}">
                <Coords points="153,2639 225,2639 938,2642 963,2643 1100,2652 1100,2675 1056,2683 986,2684 838,2684 281,2683 153,2679"/>
                <Baseline points="153,2672 236,2673 259,2673 571,2675 594,2675 656,2675 679,2675 794,2675 818,2675 1100,2675"/>
                <TextEquiv>
                    <Unicode>ſeine Rechtsnachfolger, alle obigen Berechtigungen</Unicode>
                </TextEquiv>
            </TextLine>
            <TextLine id="r2l56" custom="readingOrder {index:55;}">
                <Coords points="153,2694 200,2685 225,2685 1085,2686 1099,2685 1104,2721 1089,2728 926,2728 260,2728 153,2717"/>
                <Baseline points="156,2716 225,2718 260,2718 552,2719 589,2719 681,2719 720,2719 926,2719 963,2719 998,2719 1036,2719 1100,2718"/>
                <TextEquiv>
                    <Unicode>und Verpflichtungen durch Eintragung in Ab⸗</Unicode>
                </TextEquiv>
            </TextLine>
            <TextLine id="r2l57" custom="readingOrder {index:56;}">
                <Coords points="153,2731 186,2729 186,2729 278,2729 973,2731 1063,2732 1100,2742 1100,2765 1063,2773 603,2773 228,2772 153,2761"/>
                <Baseline points="155,2761 278,2763 322,2763 351,2763 393,2764 451,2764 492,2764 811,2764 850,2764 903,2764 942,2764 993,2765 1032,2765 1100,2765"/>
                <TextEquiv>
                    <Unicode>teilung II des Grundbuchblattes für die ihm</Unicode>
                </TextEquiv>
            </TextLine>
            <TextLine id="r2l58" custom="readingOrder {index:57;}">
                <Coords points="153,2783 193,2774 193,2774 275,2774 1056,2776 1101,2786 1101,2809 990,2818 412,2818 257,2817 193,2816 153,2815"/>
                <Baseline points="153,2807 329,2808 352,2808 451,2809 473,2809 540,2809 563,2809 617,2809 638,2809 688,2809 710,2809 831,2809 854,2808 1101,2809"/>
                <TextEquiv>
                    <Unicode>gehörigen Wege und für die künftig anzulegenden</Unicode>
                </TextEquiv>
            </TextLine>
            <TextLine id="r2l59" custom="readingOrder {index:58;}">
                <Coords points="157,2818 187,2818 1076,2819 1101,2830 1101,2853 1076,2861 241,2861 157,2852"/>
                <Baseline points="157,2851 316,2852 347,2853 486,2853 512,2853 579,2853 610,2853 714,2853 741,2853 995,2853 1049,2853 1101,2853"/>
                <TextEquiv>
                    <Unicode>Straßen, Brücken und Plätze ſicherzuſtellen. Zu</Unicode>
                </TextEquiv>
            </TextLine>
            <TextLine id="r2l60" custom="readingOrder {index:59;}">
                <Coords points="153,2863 204,2862 204,2862 353,2862 1076,2863 1098,2874 1098,2905 284,2905 204,2903 153,2894"/>
                <Baseline points="153,2894 271,2896 284,2897 391,2897 401,2897 458,2897 471,2897 526,2897 537,2897 656,2897 667,2897 722,2897 734,2897 796,2897 810,2897 920,2897 937,2897 1098,2896"/>
                <TextEquiv>
                    <Unicode>dieſem Zweck hat der Fiskus für alle Wege, Straßen,</Unicode>
                </TextEquiv>
            </TextLine>
            <TextLine id="r2l61" custom="readingOrder {index:60;}">
                <Coords points="156,2906 495,2906 908,2907 1087,2909 1102,2923 1104,2941 1089,2951 1055,2950 633,2950 174,2949 156,2940"/>
                <Baseline points="156,2939 495,2941 529,2941 596,2941 633,2941 738,2941 771,2941 828,2940 861,2940 1002,2941 1036,2941 1101,2941"/>
                <TextEquiv>
                    <Unicode>Brückengrundſtücke und Plätze des jeweilig gel⸗</Unicode>
                </TextEquiv>
            </TextLine>
            <TextLine id="r2l62" custom="readingOrder {index:61;}">
                <Coords points="153,2953 211,2952 211,2952 1038,2952 1058,2953 1102,2963 1102,2986 878,2993 487,2995 469,2995 187,2985 168,2984 153,2983"/>
                <Baseline points="153,2983 274,2986 300,2986 627,2986 652,2986 970,2985 992,2986 1102,2986"/>
                <TextEquiv>
                    <Unicode>tenden Bebauungsplanes Grundbuchblätter bilden</Unicode>
                </TextEquiv>
            </TextLine>
            <TextLine id="r2l63" custom="readingOrder {index:62;}">
                <Coords points="153,3004 221,2996 221,2996 1077,2996 1102,3000 1102,3040 655,3040 255,3038 153,3036"/>
                <Baseline points="153,3029 192,3029 221,3029 332,3030 394,3031 464,3031 495,3031 612,3031 641,3031 799,3030 829,3030 896,3030 926,3030 1102,3032"/>
                <TextEquiv>
                    <Unicode>zu laſſen. Der Fiskus bewilligt und beantragt</Unicode>
                </TextEquiv>
            </TextLine>
            <TextLine id="r2l64" custom="readingOrder {index:63;}">
                <Coords points="153,3040 184,3040 1026,3042 1086,3043 1100,3053 1100,3075 1086,3084 510,3086 337,3086 153,3073"/>
                <Baseline points="153,3072 202,3074 219,3074 426,3076 442,3077 611,3076 630,3076 806,3075 823,3075 866,3075 886,3075 1100,3075"/>
                <TextEquiv>
                    <Unicode>die Eintragung folgender Belaſtung im Grundbuch:</Unicode>
                </TextEquiv>
            </TextLine>
            <TextLine id="r2l65" custom="readingOrder {index:64;}">
                <Coords points="240,3112 261,3086 261,3086 306,3086 989,3087 1102,3097 1102,3121 989,3128 471,3130 451,3130 240,3126"/>
                <Baseline points="240,3120 331,3120 347,3120 623,3121 637,3121 912,3120 928,3120 1005,3120 1024,3120 1102,3120"/>
                <TextEquiv>
                    <Unicode>„Der Stadtgemeinde Charlottenburg ſteht vom</Unicode>
                </TextEquiv>
            </TextLine>
            <TextLine id="r2l66" custom="readingOrder {index:65;}">
                <Coords points="156,3131 1040,3131 1101,3132 1101,3164 1040,3171 742,3173 726,3173 481,3172 231,3170 148,3166"/>
                <Baseline points="154,3160 181,3161 201,3162 296,3163 316,3163 398,3163 413,3163 465,3164 481,3165 558,3164 576,3163 625,3164 643,3164 742,3163 761,3163 843,3163 858,3163 925,3163 943,3164 990,3164 1008,3164 1101,3164"/>
                <TextEquiv>
                    <Unicode>1. April 1910 bis zum 31. März 1930 und im Falle</Unicode>
                </TextEquiv>
            </TextLine>
            <TextLine id="r2l67" custom="readingOrder {index:66;}">
                <Coords points="153,3172 170,3172 1075,3175 1102,3185 1102,3209 834,3216 755,3218 259,3218 153,3205"/>
                <Baseline points="153,3205 208,3207 239,3207 492,3209 522,3209 580,3209 611,3209 794,3209 822,3209 875,3209 905,3208 956,3208 986,3208 1102,3208"/>
                <TextEquiv>
                    <Unicode>der Verlängerung des Vertrages für die Dauer</Unicode>
                </TextEquiv>
            </TextLine>
            <TextLine id="r2l68" custom="readingOrder {index:67;}">
                <Coords points="151,3216 170,3216 959,3219 1020,3221 1102,3224 1102,3256 1064,3262 711,3263 691,3263 254,3262 151,3250"/>
                <Baseline points="151,3248 208,3251 231,3251 485,3254 506,3254 583,3254 604,3254 773,3254 795,3254 896,3253 920,3253 1102,3255"/>
                <TextEquiv>
                    <Unicode>der Verlängerung nach Maßgabe dieſes Vertrages</Unicode>
                </TextEquiv>
            </TextLine>
            <TextLine id="r2l69" custom="readingOrder {index:68;}">
                <Coords points="153,3262 170,3262 1064,3264 1103,3265 1103,3299 1064,3305 870,3306 635,3307 251,3307 153,3295"/>
                <Baseline points="153,3295 212,3296 251,3296 502,3298 543,3298 640,3298 679,3299 728,3299 769,3299 870,3298 909,3298 1103,3299"/>
                <TextEquiv>
                    <Unicode>das ausſchließliche Recht zu, dieſes Grundſtück</Unicode>
                </TextEquiv>
            </TextLine>
            <TextLine id="r2l70" custom="readingOrder {index:69;}">
                <Coords points="151,3316 187,3307 187,3307 213,3307 1023,3309 1082,3310 1102,3319 1102,3345 1082,3352 741,3354 587,3354 395,3351 163,3340 151,3339"/>
                <Baseline points="151,3339 213,3341 230,3341 358,3343 372,3343 451,3344 469,3344 525,3345 542,3345 741,3344 757,3344 946,3343 961,3343 1102,3345"/>
                <TextEquiv>
                    <Unicode>mit Kabeln uſw. zur Zuführung elektriſcher Energie</Unicode>
                </TextEquiv>
            </TextLine>
            <TextEquiv>
                <Unicode>Elektrizitätswerk–, das Recht, die auf dem an⸗
liegenden Lageplan mit roter Farbe bezeichneten
Gebietsteile des Gutsbezirks Grunewald⸗Forſt mit
elektriſcher Energie für Beleuchtung, Kraftüber⸗
tragung, Heizung und ſonſtige Zwecke gegen
Entgelt zu verſorgen und zu dieſem Behufe die
Ortsſtraßen, Plätze, Brücken uſw. zur Führung
unterirdiſcher elektriſcher Leitungen und deren
Zubehör, ſowie zur Aufſtellung von Transfor⸗
matorenſäulen, Umformerſtationen uſw. zu be⸗
nutzen, ſowie auch gegebenenfalls dieſe Anlagen
zur Stromlieferung an andere außerhalb des
gedachten Bezirks gelegene Abnehmer zu ver⸗
wenden. Der Forſtfiskus verpflichtet ſich für
ſich und ſeine Rechtsnachfolger ausdrücklich, während
der Vertragsdauer weder ſelbſt ein Elektrizitäts⸗
werk zu errichten und zu betreiben, noch anderen
Perſonen oder Firmen die Erlaubnis zur Ver⸗
legung von Kabeln uſw. oder zur Abgabe von
elektriſcher Energie zu erteilen.
Es ſteht dem Forſtfiskus frei, Dritten die
Benutzung der Straßen uſw. für die Durchleitung
der Elektrizität nach Orten außerhalb des Ver⸗
tragsbezirkes für alle Zwecke und für die Ein⸗
führung von Elektrizität zum Betriebe von
elektriſchen Bahnen innerhalb des Vertrags⸗
bezirkes zu geſtatten. Die Einführung von Elektri⸗
zität durch Dritte darf nur in der Weiſe geſchehen,
daß die Stadtgemeinde Charlottenburg in der
Ausübung ihrer Rechte aus dieſem Vertrage
nicht behindert oder beeinträchtigt wird.
Durch obige Beſtimmungen wird die An⸗
legung von Elektrizitätswerken für den eigenen
Gebrauch einzelner Beſitzer und die Verlegung
von Kabeln uſw. zur Fortleitung elektriſcher Kraft
nach anderen, demſelben Beſitzer gehörigen Grund⸗
ſtücken nicht ausgeſchloſſen. Die dem Forſtfiskus
oder ſeinen Rechtsnachfolgern gehörigen Grundſtücke
und öffentlichen Straßen, Plätze uſw. dürfen
hierbei jedoch nur mit ausdrücklicher Genehmigung
der Stadtgemeinde benutzt werden.
Die aus dieſem Vertrage für die Stadt⸗
gemeinde Charlottenburg begründeten Rechte blei⸗
ben beſtehen und werden vom Fiskus zugeſichert,
auch wenn für die bezeichneten Gebietsteile ein
eigener Kommunalverband (Gutsbezirk, Gemeinde⸗
bezirk) gebildet werden ſollte. Ebenſo bleiben
die Rechte beſtehen und werden vom Fiskus zu⸗
geſichert, wenn die bezeichneten Gebietsteile einem
andern Gemeinde⸗ (Guts⸗) Bezirk einverleibt
werden. Die Anſprüche aus dieſem Vertrage
ſind danach auch gegen den zu bildenden oder
einverleibenden Kommunalverband begründet.
Der Forſtfiskus verpflichtet ſich für ſich und
ſeine Rechtsnachfolger, alle obigen Berechtigungen
und Verpflichtungen durch Eintragung in Ab⸗
teilung II des Grundbuchblattes für die ihm
gehörigen Wege und für die künftig anzulegenden
Straßen, Brücken und Plätze ſicherzuſtellen. Zu
dieſem Zweck hat der Fiskus für alle Wege, Straßen,
Brückengrundſtücke und Plätze des jeweilig gel⸗
tenden Bebauungsplanes Grundbuchblätter bilden
zu laſſen. Der Fiskus bewilligt und beantragt
die Eintragung folgender Belaſtung im Grundbuch:
„Der Stadtgemeinde Charlottenburg ſteht vom
1. April 1910 bis zum 31. März 1930 und im Falle
der Verlängerung des Vertrages für die Dauer
der Verlängerung nach Maßgabe dieſes Vertrages
das ausſchließliche Recht zu, dieſes Grundſtück
mit Kabeln uſw. zur Zuführung elektriſcher Energie</Unicode>
            </TextEquiv>
        </TextRegion>
        <TextRegion type="paragraph" id="r3" custom="readingOrder {index:2;} structure {type:paragraph;}">
            <Coords points="1129,254 2095,255 2095,3360 1122,3360"/>
            <TextLine id="r3l1" custom="readingOrder {index:0;}">
                <Coords points="1136,273 1200,262 1200,262 1991,262 2034,263 2076,273 2088,288 2088,304 1136,304"/>
                <Baseline points="1136,296 1176,296 1200,296 1347,295 1373,295 1491,294 1517,294 1843,295 1867,295 2088,295"/>
                <TextEquiv>
                    <Unicode>zu belegen, darauf Anſchlußleitungen herzuſtellen,</Unicode>
                </TextEquiv>
            </TextLine>
            <TextLine id="r3l2" custom="readingOrder {index:1;}">
                <Coords points="1136,307 1253,304 1253,304 1370,304 1713,305 2024,306 2089,309 2089,339 2059,347 2024,348 1167,352 1149,352 1136,348"/>
                <Baseline points="1136,340 1233,339 1253,339 1478,339 1498,339 1565,339 1588,339 1875,339 1895,339 1940,339 1961,339 2089,339"/>
                <TextEquiv>
                    <Unicode>ſowie Änderungen und Ausbeſſerungen an Haupt⸗</Unicode>
                </TextEquiv>
            </TextLine>
            <TextLine id="r3l3" custom="readingOrder {index:2;}">
                <Coords points="1135,361 1185,351 1235,350 1235,350 2070,350 2089,354 2089,383 2070,384 1754,391 1552,392 1235,392 1135,384"/>
                <Baseline points="1135,384 1203,384 1235,384 1562,383 1592,383 1835,383 1864,383 1932,383 1961,383 2086,381"/>
                <TextEquiv>
                    <Unicode>und Anſchlußleitungen vorzunehmen und mittels</Unicode>
                </TextEquiv>
            </TextLine>
            <TextLine id="r3l4" custom="readingOrder {index:3;}">
                <Coords points="1136,396 1170,395 1280,394 1280,394 1948,394 2074,395 2089,397 2089,428 2000,437 1170,437 1136,429"/>
                <Baseline points="1136,429 1236,429 1280,428 1669,428 1711,428 1772,428 1817,428 2089,428"/>
                <TextEquiv>
                    <Unicode>dieſer Zuführungsleitungen das Vertragsgebiet</Unicode>
                </TextEquiv>
            </TextLine>
            <TextLine id="r3l5" custom="readingOrder {index:4;}">
                <Coords points="1135,440 1223,439 1223,439 2088,439 2088,481 1223,481 1135,474"/>
                <Baseline points="1135,473 1198,473 1223,473 1412,473 1438,473 1576,473 1601,473 1641,473 1666,473 1848,473 1899,473 1985,473 2011,473 2088,474"/>
                <TextEquiv>
                    <Unicode>mit elektriſcher Energie zu verſorgen. Auch nach</Unicode>
                </TextEquiv>
            </TextLine>
            <TextLine id="r3l6" custom="readingOrder {index:5;}">
                <Coords points="1136,484 2045,484 2088,488 2088,517 1998,525 1758,526 1386,526 1247,525 1136,518"/>
                <Baseline points="1136,518 1259,518 1285,518 1342,518 1370,517 1758,517 1783,517 1845,517 1869,517 1945,517 1971,517 2088,517"/>
                <TextEquiv>
                    <Unicode>Ablauf des Vertragsverhältniſſes mit dem Fiskus</Unicode>
                </TextEquiv>
            </TextLine>
            <TextLine id="r3l7" custom="readingOrder {index:6;}">
                <Coords points="1136,539 1156,530 1287,528 1287,528 2046,528 2088,530 2088,561 2046,563 1653,570 1408,570 1287,569 1136,562"/>
                <Baseline points="1136,562 1213,562 1247,562 1354,561 1388,561 1714,561 1747,561 1847,561 1881,561 1932,562 1969,562 2088,561"/>
                <TextEquiv>
                    <Unicode>oder deſſen Rechtsnachfolgern bleibt die Stadt⸗</Unicode>
                </TextEquiv>
            </TextLine>
            <TextLine id="r3l8" custom="readingOrder {index:7;}">
                <Coords points="1135,583 1231,573 1331,572 1331,572 2070,572 2088,575 2088,604 2031,613 1152,614 1135,614"/>
                <Baseline points="1135,606 1307,605 1331,605 1513,604 1538,604 1574,604 1597,604 1714,605 1742,605 1952,605 1975,605 2087,603"/>
                <TextEquiv>
                    <Unicode>gemeinde berechtigt, in dieſem Grundſtücke zwecks</Unicode>
                </TextEquiv>
            </TextLine>
            <TextLine id="r3l9" custom="readingOrder {index:8;}">
                <Coords points="1136,617 1465,616 1465,616 1835,616 2030,617 2086,625 2086,649 1835,657 1313,658 1295,658 1195,657 1136,651"/>
                <Baseline points="1136,650 1313,648 1358,648 1422,649 1465,649 1653,649 1696,650 1835,649 1879,649 1922,649 1965,649 2086,649"/>
                <TextEquiv>
                    <Unicode>Lieferung von elektriſcher Energie an andere</Unicode>
                </TextEquiv>
            </TextLine>
            <TextLine id="r3l10" custom="readingOrder {index:9;}">
                <Coords points="1136,661 1363,660 1999,659 1999,659 2063,659 2086,670 2086,700 2063,701 1661,702 1506,702 1376,701 1136,695"/>
                <Baseline points="1136,695 1345,693 1363,693 1432,693 1453,693 1661,693 1682,693 1896,694 1916,693 1955,693 1974,693 2086,693"/>
                <TextEquiv>
                    <Unicode>Gemeinden ihre Einrichtung fortbeſtehen zu laſſen,</Unicode>
                </TextEquiv>
            </TextLine>
            <TextLine id="r3l11" custom="readingOrder {index:10;}">
                <Coords points="1133,715 1265,707 1311,706 1507,705 1507,705 2085,705 2085,738 2021,746 1148,747 1133,747"/>
                <Baseline points="1133,739 1173,739 1207,739 1401,737 1435,738 1475,738 1507,738 1687,738 1719,738 1786,738 1820,738 2085,738"/>
                <TextEquiv>
                    <Unicode>zu verändern, zu verbeſſern und auszudehnen.“</Unicode>
                </TextEquiv>
            </TextLine>
            <TextLine id="r3l12" custom="readingOrder {index:11;}">
                <Coords points="1221,749 1998,749 2088,752 2088,783 2074,784 1806,791 1717,791 1337,790 1217,791"/>
                <Baseline points="1222,783 1286,783 1320,783 1437,782 1468,782 1567,783 1599,783 1850,782 1882,782 2087,780"/>
                <TextEquiv>
                    <Unicode>Die Koſten dieſer Eintragungen übernimmt</Unicode>
                </TextEquiv>
            </TextLine>
            <TextLine id="r3l13" custom="readingOrder {index:12;}">
                <Coords points="1133,796 1152,795 1203,794 1580,793 1580,793 1650,793 2067,794 2087,803 2087,827 2067,835 1309,835 1133,827"/>
                <Baseline points="1133,827 1183,827 1203,827 1491,827 1527,827 1693,827 1719,827 1882,827 1904,827 2087,827"/>
                <TextEquiv>
                    <Unicode>die Stadtgemeinde. Inſoweit bisherige öffentliche</Unicode>
                </TextEquiv>
            </TextLine>
            <TextLine id="r3l14" custom="readingOrder {index:13;}">
                <Coords points="1133,839 1324,838 1324,838 2047,838 2087,841 2087,870 1942,879 1241,880 1221,880 1133,871"/>
                <Baseline points="1133,871 1286,871 1314,871 1407,871 1436,872 1665,870 1701,870 1986,870 2029,870 2087,870"/>
                <TextEquiv>
                    <Unicode>Anlagen durch nachträgliche Veränderungen des</Unicode>
                </TextEquiv>
            </TextLine>
            <TextLine id="r3l15" custom="readingOrder {index:14;}">
                <Coords points="1135,883 1187,882 1667,881 1667,881 2065,881 2087,883 2087,914 2065,915 1727,922 1322,923 1303,923 1135,916"/>
                <Baseline points="1135,915 1462,915 1520,915 1621,915 1667,914 1860,914 1919,914 2087,914"/>
                <TextEquiv>
                    <Unicode>Bebauungsplanes dieſes Charakters entkleidet</Unicode>
                </TextEquiv>
            </TextLine>
            <TextLine id="r3l16" custom="readingOrder {index:15;}">
                <Coords points="1134,934 1203,927 1375,926 1737,925 1737,925 2087,925 2087,958 2014,967 1300,967 1268,966 1134,960"/>
                <Baseline points="1134,960 1276,959 1300,959 1358,959 1375,959 1425,959 1442,959 1718,958 1737,958 2014,958 2035,958 2087,958"/>
                <TextEquiv>
                    <Unicode>werden, hat die Stadtgemeinde Charlottenburg bei</Unicode>
                </TextEquiv>
            </TextLine>
            <TextLine id="r3l17" custom="readingOrder {index:16;}">
                <Coords points="1132,971 1148,970 1148,970 2062,970 2086,979 2086,1003 2062,1010 1795,1011 1367,1012 1148,1012 1132,1004"/>
                <Baseline points="1132,1004 1367,1004 1385,1004 1441,1003 1453,1003 1680,1003 1697,1003 1870,1003 1890,1003 1954,1003 1968,1003 2086,1003"/>
                <TextEquiv>
                    <Unicode>Abſchreibung der betreffenden Parzellen von dieſem</Unicode>
                </TextEquiv>
            </TextLine>
            <TextLine id="r3l18" custom="readingOrder {index:17;}">
                <Coords points="1134,1016 1254,1015 1654,1014 1654,1014 1951,1014 2042,1015 2086,1024 2086,1048 2042,1056 1266,1056 1134,1049"/>
                <Baseline points="1134,1049 1417,1048 1462,1048 1515,1048 1559,1048 1609,1048 1654,1048 1962,1049 2003,1048 2086,1047"/>
                <TextEquiv>
                    <Unicode>Grundbuchblatt für die abzuſchreibenden ohne</Unicode>
                </TextEquiv>
            </TextLine>
            <TextLine id="r3l19" custom="readingOrder {index:18;}">
                <Coords points="1131,1060 1687,1059 1687,1059 1737,1059 2030,1060 2074,1069 2084,1085 2084,1092 1873,1102 1356,1102 1148,1101 1131,1094"/>
                <Baseline points="1131,1094 1264,1094 1276,1094 1672,1093 1687,1093 1787,1094 1800,1094 1873,1094 1886,1093 1925,1093 1939,1093 2084,1092"/>
                <TextEquiv>
                    <Unicode>Entgelt Löſchungsbewilligung dieſer Laſt zu erteilen.</Unicode>
                </TextEquiv>
            </TextLine>
            <TextLine id="r3l20" custom="readingOrder {index:19;}">
                <Coords points="1573,1149 1641,1149 1641,1179 1589,1187 1573,1187"/>
                <Baseline points="1573,1178 1589,1178 1613,1178 1641,1179"/>
                <TextEquiv>
                    <Unicode>§ 2.</Unicode>
                </TextEquiv>
            </TextLine>
            <TextLine id="r3l21" custom="readingOrder {index:20;}">
                <Coords points="1217,1192 1623,1191 1623,1191 2059,1191 2084,1201 2084,1224 2059,1225 1812,1232 1421,1232 1217,1224"/>
                <Baseline points="1217,1224 1281,1224 1316,1224 1592,1224 1623,1224 1704,1224 1739,1224 1894,1224 1926,1224 1985,1224 2018,1224 2084,1224"/>
                <TextEquiv>
                    <Unicode>Die Stadtgemeinde bzw. während des Be⸗</Unicode>
                </TextEquiv>
            </TextLine>
            <TextLine id="r3l22" custom="readingOrder {index:21;}">
                <Coords points="1130,1236 1410,1235 1410,1235 2004,1235 2081,1237 2081,1269 2004,1275 1738,1276 1172,1276 1130,1275"/>
                <Baseline points="1130,1268 1254,1268 1302,1268 1360,1268 1410,1268 1738,1268 1786,1268 1837,1268 1886,1268 2004,1268 2053,1269 2081,1269"/>
                <TextEquiv>
                    <Unicode>ſtehens des Pachtverhältniſſes die Felten &amp;</Unicode>
                </TextEquiv>
            </TextLine>
            <TextLine id="r3l23" custom="readingOrder {index:22;}">
                <Coords points="1132,1280 1153,1278 1583,1278 2031,1279 2071,1281 2086,1287 2086,1315 2071,1322 1977,1320 1914,1321 1676,1321 1153,1320 1132,1313"/>
                <Baseline points="1132,1313 1649,1312 1659,1312 1977,1313 1987,1313 2083,1311"/>
                <TextEquiv>
                    <Unicode>Guilleaume⸗Lahmeyerwerke Aktiengeſellſchaft, über⸗</Unicode>
                </TextEquiv>
            </TextLine>
            <TextLine id="r3l24" custom="readingOrder {index:23;}">
                <Coords points="1128,1334 1152,1324 1615,1323 1615,1323 2082,1323 2082,1358 1954,1366 1935,1366 1391,1365 1128,1357"/>
                <Baseline points="1128,1357 1249,1357 1293,1357 1342,1357 1391,1357 1566,1357 1615,1357 1803,1357 1847,1357 1986,1357 2029,1357 2082,1357"/>
                <TextEquiv>
                    <Unicode>nimmt die Lieferung elektriſcher Energie bei</Unicode>
                </TextEquiv>
            </TextLine>
            <TextLine id="r3l25" custom="readingOrder {index:24;}">
                <Coords points="1129,1368 2026,1368 2083,1368 2083,1408 1995,1409 1182,1409 1129,1402"/>
                <Baseline points="1129,1402 1200,1401 1243,1401 1309,1401 1353,1401 1454,1400 1497,1400 1550,1401 1595,1401 1829,1401 1885,1401 2079,1399"/>
                <TextEquiv>
                    <Unicode>Tag und Nacht für Beleuchtung, Kraftüber⸗</Unicode>
                </TextEquiv>
            </TextLine>
            <TextLine id="r3l26" custom="readingOrder {index:25;}">
                <Coords points="1130,1415 1326,1413 1567,1412 1934,1412 2067,1415 2085,1413 2086,1451 2068,1454 2047,1453 1903,1453 1183,1452 1130,1444"/>
                <Baseline points="1130,1444 1271,1444 1304,1444 1380,1444 1412,1444 1532,1444 1567,1444 1689,1444 1722,1444 1776,1444 1808,1444 1869,1445 1903,1445 2081,1445"/>
                <TextEquiv>
                    <Unicode>tragung oder andere Zwecke für das Vertrags⸗</Unicode>
                </TextEquiv>
            </TextLine>
            <TextLine id="r3l27" custom="readingOrder {index:26;}">
                <Coords points="1130,1466 1170,1455 1170,1455 1756,1455 2082,1456 2082,1488 2062,1489 1838,1496 1130,1496"/>
                <Baseline points="1130,1487 1237,1487 1264,1487 1340,1488 1369,1488 1537,1488 1567,1488 1622,1488 1649,1488 1789,1488 1819,1488 1994,1488 2023,1488 2082,1488"/>
                <TextEquiv>
                    <Unicode>gebiet nach Maßgabe der jeweilig geltenden all⸗</Unicode>
                </TextEquiv>
            </TextLine>
            <TextLine id="r3l28" custom="readingOrder {index:27;}">
                <Coords points="1131,1509 1225,1500 1340,1499 1340,1499 2082,1499 2082,1533 1968,1541 1791,1541 1131,1540"/>
                <Baseline points="1131,1531 1304,1532 1340,1532 1582,1532 1617,1532 1670,1532 1704,1532 1754,1532 1791,1532 1968,1532 2003,1533 2082,1533"/>
                <TextEquiv>
                    <Unicode>gemeinen Bedingungen für die Lieferung elek⸗</Unicode>
                </TextEquiv>
            </TextLine>
            <TextLine id="r3l29" custom="readingOrder {index:28;}">
                <Coords points="1132,1547 1163,1544 1919,1544 1994,1545 2030,1547 2063,1544 2083,1544 2086,1582 2066,1586 1981,1586 1370,1586 1182,1585 1163,1584 1132,1577"/>
                <Baseline points="1132,1577 1255,1577 1282,1577 1420,1577 1448,1577 1510,1577 1538,1577 1612,1577 1639,1577 1820,1577 1847,1577 2081,1577"/>
                <TextEquiv>
                    <Unicode>triſcher Energie aus dem ſtädtiſchen Elektrizitäts⸗</Unicode>
                </TextEquiv>
            </TextLine>
            <TextLine id="r3l30" custom="readingOrder {index:29;}">
                <Coords points="1132,1597 1150,1589 1256,1588 1256,1588 1863,1588 2034,1589 2050,1590 2081,1599 2081,1633 1953,1633 1256,1630 1132,1622"/>
                <Baseline points="1132,1622 1213,1622 1238,1622 1513,1621 1538,1621 1605,1621 1631,1621 1686,1621 1711,1621 1928,1622 1953,1623 2081,1622"/>
                <TextEquiv>
                    <Unicode>werk Charlottenburg und der zugehörigen Tarife,</Unicode>
                </TextEquiv>
            </TextLine>
            <TextLine id="r3l31" custom="readingOrder {index:30;}">
                <Coords points="1132,1633 2060,1633 2080,1634 2080,1667 2060,1674 1310,1674 1132,1673"/>
                <Baseline points="1132,1665 1243,1665 1273,1665 1355,1666 1385,1666 1431,1666 1465,1666 1479,1666 1509,1666 1528,1666 1558,1666 1776,1666 1805,1666 1972,1666 2000,1666 2080,1667"/>
                <TextEquiv>
                    <Unicode>ſoweit nicht im § 6 Ausnahmen beſtimmt ſind.</Unicode>
                </TextEquiv>
            </TextLine>
            <TextLine id="r3l32" custom="readingOrder {index:31;}">
                <Coords points="1132,1678 1167,1677 1861,1676 1861,1676 1873,1676 1969,1677 2080,1688 2080,1711 2019,1718 1298,1718 1220,1717 1132,1710"/>
                <Baseline points="1132,1709 1194,1710 1220,1710 1275,1710 1298,1710 1372,1710 1397,1710 1570,1709 1589,1709 1830,1709 1850,1709 1916,1710 1936,1710 1987,1710 2004,1711 2080,1711"/>
                <TextEquiv>
                    <Unicode>Die zur Zeit geltenden Bedingungen ſind als zum</Unicode>
                </TextEquiv>
            </TextLine>
            <TextLine id="r3l33" custom="readingOrder {index:32;}">
                <Coords points="1134,1721 1933,1721 1992,1724 1992,1754 1933,1762 1154,1762 1134,1754"/>
                <Baseline points="1134,1753 1293,1753 1322,1753 1452,1753 1480,1753 1514,1753 1544,1753 1598,1754 1628,1754 1754,1753 1782,1753 1992,1754"/>
                <TextEquiv>
                    <Unicode>Vertrage gehörig in der Anlage beigeheftet.</Unicode>
                </TextEquiv>
            </TextLine>
            <TextLine id="r3l34" custom="readingOrder {index:33;}">
                <Coords points="1217,1765 1369,1764 1369,1764 1545,1764 2009,1765 2080,1775 2080,1807 1795,1807 1448,1805 1217,1798"/>
                <Baseline points="1217,1798 1280,1797 1323,1797 1635,1797 1676,1797 1731,1797 1774,1797 2080,1798"/>
                <TextEquiv>
                    <Unicode>Die Aktivlegitimation zur Geltendmachung</Unicode>
                </TextEquiv>
            </TextLine>
            <TextLine id="r3l35" custom="readingOrder {index:34;}">
                <Coords points="1132,1809 1472,1808 1472,1808 1910,1808 2080,1809 2080,1842 2059,1851 2028,1851 1527,1850 1282,1849 1256,1848 1132,1841"/>
                <Baseline points="1132,1841 1186,1841 1215,1841 1396,1841 1426,1841 1483,1841 1515,1841 1689,1841 1720,1841 1910,1842 1939,1842 2080,1842"/>
                <TextEquiv>
                    <Unicode>der Anſprüche auf Lieferung elektriſcher Energie</Unicode>
                </TextEquiv>
            </TextLine>
            <TextLine id="r3l36" custom="readingOrder {index:35;}">
                <Coords points="1131,1853 1303,1852 1303,1852 1909,1852 2085,1853 2085,1894 1785,1894 1196,1893 1142,1892 1131,1884"/>
                <Baseline points="1131,1884 1163,1885 1196,1885 1249,1885 1281,1885 1331,1885 1364,1885 1532,1885 1564,1885 1751,1885 1785,1885 1867,1885 1899,1886 1991,1886 2022,1887 2085,1887"/>
                <TextEquiv>
                    <Unicode>iſt für die einzelnen Abnehmer nicht ſchon auf</Unicode>
                </TextEquiv>
            </TextLine>
            <TextLine id="r3l37" custom="readingOrder {index:36;}">
                <Coords points="1133,1898 1280,1896 1280,1896 1342,1896 1770,1897 1816,1899 1816,1929 1737,1938 1456,1938 1280,1937 1133,1930"/>
                <Baseline points="1133,1929 1248,1929 1280,1929 1381,1929 1414,1929 1593,1929 1623,1929 1816,1929"/>
                <TextEquiv>
                    <Unicode>Grund dieſes Vertrages begründet.</Unicode>
                </TextEquiv>
            </TextLine>
            <TextLine id="r3l38" custom="readingOrder {index:37;}">
                <Coords points="1568,1986 1607,1985 1607,1985 1626,1985 1636,2010 1636,2016 1583,2024 1568,2024"/>
                <Baseline points="1568,2016 1583,2016 1607,2016 1636,2016"/>
                <TextEquiv>
                    <Unicode>§ 3.</Unicode>
                </TextEquiv>
            </TextLine>
            <TextLine id="r3l39" custom="readingOrder {index:38;}">
                <Coords points="1217,2028 1234,2027 1234,2027 1466,2027 1770,2028 1935,2029 2063,2032 2081,2040 2081,2062 1958,2070 1867,2070 1572,2069 1404,2068 1217,2060"/>
                <Baseline points="1217,2060 1281,2060 1297,2060 1466,2060 1484,2060 1623,2060 1641,2060 1720,2061 1739,2061 1790,2061 1805,2061 2081,2062"/>
                <TextEquiv>
                    <Unicode>Die elektriſche Energie wird als hochgeſpannter</Unicode>
                </TextEquiv>
            </TextLine>
            <TextLine id="r3l40" custom="readingOrder {index:39;}">
                <Coords points="1131,2072 1223,2071 1453,2071 2041,2073 2084,2069 2081,2110 2062,2114 1707,2113 1576,2113 1201,2111 1131,2105"/>
                <Baseline points="1131,2105 1320,2104 1352,2104 1386,2104 1422,2104 1472,2104 1499,2104 1707,2104 1744,2105 1799,2105 1837,2105 1975,2106 2011,2106 2078,2104"/>
                <TextEquiv>
                    <Unicode>Drehſtrom in die Gemarkung der Kolonie ein⸗</Unicode>
                </TextEquiv>
            </TextLine>
            <TextLine id="r3l41" custom="readingOrder {index:40;}">
                <Coords points="1131,2125 1172,2116 1311,2115 1333,2115 1974,2117 2066,2119 2088,2124 2092,2158 1974,2158 1926,2158 1131,2156"/>
                <Baseline points="1131,2148 1271,2148 1311,2147 1346,2147 1384,2147 1716,2149 1757,2149 1834,2150 1875,2150 2086,2147"/>
                <TextEquiv>
                    <Unicode>geführt, in Transformatoren⸗ oder Umformer⸗</Unicode>
                </TextEquiv>
            </TextLine>
            <TextLine id="r3l42" custom="readingOrder {index:41;}">
                <Coords points="1131,2160 1615,2160 1944,2161 2043,2162 2081,2172 2081,2195 1944,2202 1529,2202 1214,2201 1131,2200"/>
                <Baseline points="1131,2193 1300,2192 1341,2192 1376,2192 1415,2192 1731,2193 1772,2193 1962,2195 2004,2195 2081,2195"/>
                <TextEquiv>
                    <Unicode>ſtationen, in niedergeſpannten Drehſtrom oder</Unicode>
                </TextEquiv>
            </TextLine>
            <TextLine id="r3l43" custom="readingOrder {index:42;}">
                <Coords points="1133,2205 1154,2204 1154,2204 1295,2204 1750,2205 2035,2208 2080,2210 2080,2240 1915,2246 1774,2247 1753,2247 1154,2245 1133,2238"/>
                <Baseline points="1133,2238 1339,2237 1383,2237 1447,2237 1489,2237 1675,2237 1721,2237 1915,2239 1970,2239 2080,2240"/>
                <TextEquiv>
                    <Unicode>Gleichſtrom von geeigneter Spannung trans⸗</Unicode>
                </TextEquiv>
            </TextLine>
            <TextLine id="r3l44" custom="readingOrder {index:43;}">
                <Coords points="1131,2249 1221,2248 1221,2248 1581,2248 2037,2250 2079,2260 2079,2291 1843,2291 1131,2286"/>
                <Baseline points="1131,2280 1280,2281 1313,2281 1380,2281 1414,2281 1448,2281 1482,2281 1581,2281 1615,2281 1718,2282 1751,2282 1807,2283 1843,2283 2079,2283"/>
                <TextEquiv>
                    <Unicode>formiert und in dieſer Form zur Beleuchtung,</Unicode>
                </TextEquiv>
            </TextLine>
            <TextLine id="r3l45" custom="readingOrder {index:44;}">
                <Coords points="1131,2292 1199,2291 1209,2291 1665,2292 2007,2294 2068,2295 2084,2300 2083,2331 2067,2337 2018,2335 1984,2335 1431,2333 1199,2332 1131,2325"/>
                <Baseline points="1131,2324 1449,2324 1476,2324 1555,2324 1583,2324 1681,2324 1707,2324 1907,2326 1964,2327 2080,2326"/>
                <TextEquiv>
                    <Unicode>Kraftübertragung uſw. direkt verwendet. Span⸗</Unicode>
                </TextEquiv>
            </TextLine>
            <TextLine id="r3l46" custom="readingOrder {index:45;}">
                <Coords points="1129,2345 1231,2335 1231,2335 1455,2335 1706,2336 1844,2337 1962,2339 2079,2348 2079,2371 1693,2378 1670,2378 1231,2377 1201,2376 1129,2368"/>
                <Baseline points="1129,2368 1455,2368 1497,2368 1548,2368 1590,2368 1628,2368 1670,2367 1747,2368 1788,2368 1900,2369 1943,2369 1962,2370 2003,2370 2079,2371"/>
                <TextEquiv>
                    <Unicode>nungsunterſchiede bis zu plus minus 3 vom</Unicode>
                </TextEquiv>
            </TextLine>
            <TextLine id="r3l47" custom="readingOrder {index:46;}">
                <Coords points="1130,2381 1208,2380 1659,2380 1871,2381 1968,2382 2073,2383 2088,2389 2089,2416 2074,2423 1968,2421 1130,2421"/>
                <Baseline points="1130,2412 1278,2413 1298,2413 1342,2413 1361,2413 1422,2413 1446,2413 1747,2414 1767,2414 1822,2414 1842,2414 2079,2413"/>
                <TextEquiv>
                    <Unicode>Hundert an den Sammelſchienen der Transforma⸗</Unicode>
                </TextEquiv>
            </TextLine>
            <TextLine id="r3l48" custom="readingOrder {index:47;}">
                <Coords points="1128,2425 1261,2422 1261,2422 1281,2422 1717,2423 1908,2424 1929,2435 1941,2451 1941,2459 1929,2467 1436,2467 1282,2465 1128,2456"/>
                <Baseline points="1128,2456 1236,2457 1261,2457 1341,2458 1369,2457 1682,2457 1706,2457 1773,2459 1798,2460 1941,2459"/>
                <TextEquiv>
                    <Unicode>toren⸗ bzw. Umformeranlage ſind zuläſſig.</Unicode>
                </TextEquiv>
            </TextLine>
            <TextLine id="r3l49" custom="readingOrder {index:48;}">
                <Coords points="1570,2515 1627,2515 1637,2539 1637,2546 1584,2553 1570,2553"/>
                <Baseline points="1570,2545 1584,2545 1609,2545 1637,2546"/>
                <TextEquiv>
                    <Unicode>§ 4.</Unicode>
                </TextEquiv>
            </TextLine>
            <TextLine id="r3l50" custom="readingOrder {index:49;}">
                <Coords points="1216,2558 1322,2557 1432,2557 1783,2558 1952,2559 2044,2560 2084,2560 2088,2596 2073,2602 2044,2600 1934,2600 1308,2598 1216,2590"/>
                <Baseline points="1216,2589 1280,2589 1308,2589 1518,2590 1547,2590 1602,2590 1630,2590 1826,2591 1855,2591 2005,2592 2034,2592 2082,2590"/>
                <TextEquiv>
                    <Unicode>Die Fortleitung der elektriſchen Energie, ſo⸗</Unicode>
                </TextEquiv>
            </TextLine>
            <TextLine id="r3l51" custom="readingOrder {index:50;}">
                <Coords points="1131,2608 1184,2601 1184,2601 1616,2601 1999,2602 2024,2605 2079,2613 2079,2643 1999,2644 1736,2644 1369,2642 1184,2639 1131,2634"/>
                <Baseline points="1131,2633 1217,2633 1248,2633 1304,2633 1334,2633 1424,2634 1456,2634 1506,2634 1539,2634 1616,2634 1649,2634 1704,2634 1736,2634 2079,2637"/>
                <TextEquiv>
                    <Unicode>wohl der hoch⸗ als auch der niedriggeſpannten,</Unicode>
                </TextEquiv>
            </TextLine>
            <TextLine id="r3l52" custom="readingOrder {index:51;}">
                <Coords points="1130,2654 1167,2645 1201,2644 1201,2644 1210,2644 1639,2645 1892,2646 1990,2647 2045,2649 2081,2657 2081,2680 2029,2689 1934,2689 1351,2686 1167,2685 1130,2678"/>
                <Baseline points="1130,2677 1246,2678 1274,2678 1504,2678 1533,2678 1658,2679 1685,2679 1892,2680 1921,2680 2081,2680"/>
                <TextEquiv>
                    <Unicode>erfolgt ausſchließlich mittels unterirdiſch verlegter</Unicode>
                </TextEquiv>
            </TextLine>
            <TextLine id="r3l53" custom="readingOrder {index:52;}">
                <Coords points="1131,2699 1150,2689 1150,2689 1680,2689 2037,2691 2067,2701 2080,2717 2080,2732 2037,2733 1937,2733 1162,2730 1131,2722"/>
                <Baseline points="1131,2722 1476,2722 1504,2722 1680,2723 1730,2724 1800,2724 1825,2724 1888,2725 1917,2725 2080,2725"/>
                <TextEquiv>
                    <Unicode>eiſenbandarmierter Bleikabel. Für alle Schäden,</Unicode>
                </TextEquiv>
            </TextLine>
            <TextLine id="r3l54" custom="readingOrder {index:53;}">
                <Coords points="1131,2742 1182,2734 1182,2734 1473,2734 2041,2735 2081,2737 2081,2770 2041,2777 1779,2777 1195,2776 1131,2768"/>
                <Baseline points="1131,2767 1245,2767 1282,2767 1405,2767 1455,2767 1511,2768 1548,2768 1642,2768 1681,2768 1742,2769 1779,2769 2081,2770"/>
                <TextEquiv>
                    <Unicode>welche infolge der durch das Elektrizitätswerk</Unicode>
                </TextEquiv>
            </TextLine>
            <TextLine id="r3l55" custom="readingOrder {index:54;}">
                <Coords points="1130,2779 1823,2774 1823,2774 1846,2774 2023,2782 2080,2791 2080,2815 1846,2826 1823,2826 1130,2820"/>
                <Baseline points="1130,2811 1350,2811 1389,2812 1540,2812 1580,2812 1656,2812 1693,2812 1792,2813 1823,2814 1967,2814 2005,2814 2080,2815"/>
                <TextEquiv>
                    <Unicode>hergeſtellten Anlagen oder deren Betrieb dem</Unicode>
                </TextEquiv>
            </TextLine>
            <TextLine id="r3l56" custom="readingOrder {index:55;}">
                <Coords points="1131,2823 1548,2823 1857,2824 2037,2826 2079,2834 2079,2866 1802,2866 1131,2863"/>
                <Baseline points="1131,2855 1247,2855 1272,2855 1348,2856 1368,2856 1592,2856 1605,2857 1742,2857 1763,2857 1918,2858 1937,2858 2079,2857"/>
                <TextEquiv>
                    <Unicode>Fiskus oder irgendeinem Dritten zugefügt werden,</Unicode>
                </TextEquiv>
            </TextLine>
            <TextLine id="r3l57" custom="readingOrder {index:56;}">
                <Coords points="1129,2867 1623,2867 2059,2868 2079,2878 2079,2901 2059,2910 1992,2910 1129,2907"/>
                <Baseline points="1129,2899 1233,2899 1272,2899 1322,2899 1364,2899 1651,2900 1692,2901 1806,2901 1846,2901 1900,2901 1939,2901 2079,2901"/>
                <TextEquiv>
                    <Unicode>haftet die Stadtgemeinde, ebenſo für etwaige</Unicode>
                </TextEquiv>
            </TextLine>
            <TextLine id="r3l58" custom="readingOrder {index:57;}">
                <Coords points="1131,2911 1152,2910 1305,2910 1568,2911 2042,2913 2082,2913 2081,2949 2060,2956 1928,2954 1676,2958 1659,2958 1231,2950 1183,2949 1131,2944"/>
                <Baseline points="1131,2943 1305,2944 1333,2944 1376,2944 1403,2944 1466,2944 1494,2944 1612,2944 1638,2944 1769,2945 1798,2945 1987,2946 2013,2946 2080,2944"/>
                <TextEquiv>
                    <Unicode>dieſerhalb an den Fiskus geltend gemachten An⸗</Unicode>
                </TextEquiv>
            </TextLine>
            <TextLine id="r3l59" custom="readingOrder {index:58;}">
                <Coords points="1131,2954 1249,2954 1268,2964 1268,2988 1249,2997 1143,2997 1131,2993"/>
                <Baseline points="1131,2988 1268,2988"/>
                <TextEquiv>
                    <Unicode>ſprüche.</Unicode>
                </TextEquiv>
            </TextLine>
            <TextLine id="r3l60" custom="readingOrder {index:59;}">
                <Coords points="1218,3000 1392,3000 1806,3001 1991,3002 2030,3003 2080,3011 2080,3034 1806,3044 1602,3044 1329,3043 1218,3034"/>
                <Baseline points="1218,3034 1282,3034 1329,3034 1557,3035 1602,3035 1806,3036 1850,3036 1917,3036 1964,3035 2080,3034"/>
                <TextEquiv>
                    <Unicode>Die Beſchaffung, Aufſtellung und Unter⸗</Unicode>
                </TextEquiv>
            </TextLine>
            <TextLine id="r3l61" custom="readingOrder {index:60;}">
                <Coords points="1130,3045 1173,3044 1184,3044 1997,3047 2069,3048 2085,3052 2088,3082 2072,3089 1997,3088 1397,3088 1130,3086"/>
                <Baseline points="1130,3077 1268,3079 1304,3080 1360,3079 1397,3079 1712,3080 1747,3080 2080,3078"/>
                <TextEquiv>
                    <Unicode>haltung der Leitungsanlagen, Transformatoren⸗</Unicode>
                </TextEquiv>
            </TextLine>
            <TextLine id="r3l62" custom="readingOrder {index:61;}">
                <Coords points="1130,3090 1522,3090 2019,3091 2071,3090 2087,3095 2087,3127 2071,3134 2041,3131 2019,3132 1696,3132 1152,3131 1130,3123"/>
                <Baseline points="1130,3123 1212,3123 1247,3123 1598,3124 1631,3125 1718,3125 1750,3125 1934,3125 1966,3125 2083,3123"/>
                <TextEquiv>
                    <Unicode>bzw. Umformerſtationen nebſt ſämtlichen Appa⸗</Unicode>
                </TextEquiv>
            </TextLine>
            <TextLine id="r3l63" custom="readingOrder {index:62;}">
                <Coords points="1130,3143 1169,3136 1263,3134 1263,3134 1270,3134 2042,3135 2079,3143 2079,3166 1951,3176 1537,3176 1292,3175 1130,3166"/>
                <Baseline points="1130,3166 1224,3166 1249,3166 1326,3167 1349,3167 1405,3167 1431,3168 1709,3168 1732,3168 1810,3168 1833,3168 2000,3167 2024,3167 2079,3166"/>
                <TextEquiv>
                    <Unicode>raten liegt der Stadtgemeinde nach Maßgabe der</Unicode>
                </TextEquiv>
            </TextLine>
            <TextLine id="r3l64" custom="readingOrder {index:63;}">
                <Coords points="1131,3177 1140,3177 2055,3178 2079,3186 2079,3210 2055,3212 1833,3221 1769,3221 1407,3220 1208,3217 1131,3210"/>
                <Baseline points="1131,3210 1178,3210 1208,3210 1223,3210 1247,3210 1264,3210 1292,3211 1327,3211 1352,3212 1466,3212 1495,3212 1740,3212 1769,3212 1986,3211 2014,3211 2079,3204"/>
                <TextEquiv>
                    <Unicode>im § 2 in Bezug genommenen allgemeinen Be⸗</Unicode>
                </TextEquiv>
            </TextLine>
            <TextLine id="r3l65" custom="readingOrder {index:64;}">
                <Coords points="1131,3222 1152,3221 1836,3220 1836,3220 2041,3220 2078,3230 2078,3254 2041,3264 1777,3265 1477,3265 1175,3264 1131,3255"/>
                <Baseline points="1131,3255 1321,3256 1355,3257 1406,3257 1477,3257 1658,3256 1691,3256 1800,3256 1836,3257 2078,3254"/>
                <TextEquiv>
                    <Unicode>dingungen ob. Sämtliche hierzu erforderlichen</Unicode>
                </TextEquiv>
            </TextLine>
            <TextLine id="r3l66" custom="readingOrder {index:65;}">
                <Coords points="1131,3267 1851,3266 1994,3266 2045,3267 2072,3265 2086,3277 2086,3305 2072,3311 1982,3307 1608,3310 1530,3310 1380,3308 1131,3300"/>
                <Baseline points="1131,3299 1287,3300 1317,3300 1437,3301 1465,3301 1608,3302 1638,3302 1732,3301 1762,3301 1822,3301 1851,3301 2078,3298"/>
                <TextEquiv>
                    <Unicode>Arbeiten dürfen lediglich durch das Elektrizitäts⸗</Unicode>
                </TextEquiv>
            </TextLine>
            <TextLine id="r3l67" custom="readingOrder {index:66;}">
                <Coords points="1131,3319 1200,3311 1200,3311 1213,3311 1640,3314 1663,3323 1663,3347 1640,3348 1315,3356 1296,3356 1131,3347"/>
                <Baseline points="1131,3347 1213,3345 1237,3345 1496,3347 1521,3347 1663,3347"/>
                <TextEquiv>
                    <Unicode>werk vorgenommen werden.</Unicode>
                </TextEquiv>
            </TextLine>
            <TextEquiv>
                <Unicode>zu belegen, darauf Anſchlußleitungen herzuſtellen,
ſowie Änderungen und Ausbeſſerungen an Haupt⸗
und Anſchlußleitungen vorzunehmen und mittels
dieſer Zuführungsleitungen das Vertragsgebiet
mit elektriſcher Energie zu verſorgen. Auch nach
Ablauf des Vertragsverhältniſſes mit dem Fiskus
oder deſſen Rechtsnachfolgern bleibt die Stadt⸗
gemeinde berechtigt, in dieſem Grundſtücke zwecks
Lieferung von elektriſcher Energie an andere
Gemeinden ihre Einrichtung fortbeſtehen zu laſſen,
zu verändern, zu verbeſſern und auszudehnen.“
Die Koſten dieſer Eintragungen übernimmt
die Stadtgemeinde. Inſoweit bisherige öffentliche
Anlagen durch nachträgliche Veränderungen des
Bebauungsplanes dieſes Charakters entkleidet
werden, hat die Stadtgemeinde Charlottenburg bei
Abſchreibung der betreffenden Parzellen von dieſem
Grundbuchblatt für die abzuſchreibenden ohne
Entgelt Löſchungsbewilligung dieſer Laſt zu erteilen.
§ 2.
Die Stadtgemeinde bzw. während des Be⸗
ſtehens des Pachtverhältniſſes die Felten &amp;
Guilleaume⸗Lahmeyerwerke Aktiengeſellſchaft, über⸗
nimmt die Lieferung elektriſcher Energie bei
Tag und Nacht für Beleuchtung, Kraftüber⸗
tragung oder andere Zwecke für das Vertrags⸗
gebiet nach Maßgabe der jeweilig geltenden all⸗
gemeinen Bedingungen für die Lieferung elek⸗
triſcher Energie aus dem ſtädtiſchen Elektrizitäts⸗
werk Charlottenburg und der zugehörigen Tarife,
ſoweit nicht im § 6 Ausnahmen beſtimmt ſind.
Die zur Zeit geltenden Bedingungen ſind als zum
Vertrage gehörig in der Anlage beigeheftet.
Die Aktivlegitimation zur Geltendmachung
der Anſprüche auf Lieferung elektriſcher Energie
iſt für die einzelnen Abnehmer nicht ſchon auf
Grund dieſes Vertrages begründet.
§ 3.
Die elektriſche Energie wird als hochgeſpannter
Drehſtrom in die Gemarkung der Kolonie ein⸗
geführt, in Transformatoren⸗ oder Umformer⸗
ſtationen, in niedergeſpannten Drehſtrom oder
Gleichſtrom von geeigneter Spannung trans⸗
formiert und in dieſer Form zur Beleuchtung,
Kraftübertragung uſw. direkt verwendet. Span⸗
nungsunterſchiede bis zu plus minus 3 vom
Hundert an den Sammelſchienen der Transforma⸗
toren⸗ bzw. Umformeranlage ſind zuläſſig.
§ 4.
Die Fortleitung der elektriſchen Energie, ſo⸗
wohl der hoch⸗ als auch der niedriggeſpannten,
erfolgt ausſchließlich mittels unterirdiſch verlegter
eiſenbandarmierter Bleikabel. Für alle Schäden,
welche infolge der durch das Elektrizitätswerk
hergeſtellten Anlagen oder deren Betrieb dem
Fiskus oder irgendeinem Dritten zugefügt werden,
haftet die Stadtgemeinde, ebenſo für etwaige
dieſerhalb an den Fiskus geltend gemachten An⸗
ſprüche.
Die Beſchaffung, Aufſtellung und Unter⸗
haltung der Leitungsanlagen, Transformatoren⸗
bzw. Umformerſtationen nebſt ſämtlichen Appa⸗
raten liegt der Stadtgemeinde nach Maßgabe der
im § 2 in Bezug genommenen allgemeinen Be⸗
dingungen ob. Sämtliche hierzu erforderlichen
Arbeiten dürfen lediglich durch das Elektrizitäts⸗
werk vorgenommen werden.</Unicode>
            </TextEquiv>
        </TextRegion>
        <SeparatorRegion id="r_4" custom="readingOrder {index:3;}">
            <Coords points="1197,196 1291,196 1291,198 1197,198"/>
        </SeparatorRegion>
        <SeparatorRegion id="Separator_1651838510672_4" custom="readingOrder {index:4;}">
            <Coords points="953,188 1066,188 1066,202 953,202"/>
        </SeparatorRegion>
        <SeparatorRegion id="r_5" custom="readingOrder {index:5;}">
            <Coords points="1113,263 1123,263 1123,3324 1113,3324"/>
        </SeparatorRegion>
        <SeparatorRegion id="r_7" custom="readingOrder {index:6;}">
            <Coords points="2275,0 2278,0 2278,447 2275,447"/>
        </SeparatorRegion>
    </Page>
</PcGts>
