2278 3614
1122 123 1162 157 19
180 209 1130 254 407 erſichtlich. Das Grundſtück hat eine Front von
179 250 1128 303 20m an der Bismarckſtraße und eine Größe von 985 qm
179 298 1129 342 oder 69,44 Quadratruten. Der Kaufpreis beträgt
181 342 1128 384 141 000 ℳ., d. h. rund 2030 ℳ für eine Quadrat⸗
176 386 1128 430 rute. Das Angebot entſpricht dem zwiſchen der
181 430 1127 475 Stadtgemeinde und der Berliniſchen Bodenge⸗
176 475 1127 519 ſellſchaft vereinbarten Vertragsmuſter. Es iſt mithin
177 519 1127 564 eine angemeſſene Wohnungsgröße, die Mitwirkung
177 564 1125 606 des Magiſtrats bei der Faſſadengeſtaltung und eine
175 606 1124 649 baldige Bebauung geſichert. Die in den §§ 10 und
178 650 1124 691 11 der Offerte beſonders getroffenen Vereinbarun⸗
175 694 1125 737 gen bezwecken die Aufrechterhaltung der mit
174 738 1124 782 den Nachbargrundſtücken (Brand und Heubner)
173 781 760 824 beſtehenden Hofgemeinſchaften.
261 826 1136 870 Wir bitten, im Beſchluß anzugeben, mit
175 868 1035 914 welcher Mehrheit er zuſtande gekommen iſt.
259 930 981 974 Charlottenburg, den 11. Januar 1910.
447 992 845 1036 Der Magiſtrat.
258 1032 1076 1083 Matting. Bredtſchneider.
531 1083 763 1117 Dr. Maier.
171 1140 461 1183 IX E 2039/09.
171 1272 865 1318 Notariatsregiſter Nr. 400 Jahr 1909.
502 1337 704 1378 Verhandelt
382 1380 993 1423 Berlin, den 23. Dezember 1909.
256 1440 1118 1486 Vor dem unterzeichneten Notar im Bezirke
167 1483 1120 1528 des Königlichen Kammergerichts zu Berlin mit
167 1527 1118 1573 dem Wohnſitze zu Berlin, Kronenſtraße 17, Ge⸗
166 1571 1117 1619 heimen Juſtizrat Oscar Heinrich Caſſel erſchien
166 1616 280 1656 heute:
274 1661 1116 1707 der Kaufmann Herr Carl Zinck zu Berlin,
318 1704 694 1746 Helgoländer Ufer 2.
253 1747 1116 1793 Der Erſchienene iſt dem unterzeichneten Notar
165 1790 1115 1837 nicht perſönlich bekannt, wird indes durch den dem
164 1835 1115 1883 unterzeichneten Notar perſönlich bekannten Herrn
164 1879 1114 1926 Kommerzienrat Georg Haberland zu Berlin, Char⸗
164 1922 1113 1969 lottenſtraße 60 der Identität des Erſchienenen nach
162 1966 1112 2013 rekognoſziert, wie der Herr Rekognoſzent durch
163 2008 916 2055 ſeine nachfolgende Unterſchrift beſtätigt.
247 2053 1046 2098 Vorgeleſen, genehmigt und unterſchrieben
689 2101 1025 2143 Georg Haberland.
249 2140 1113 2187 Dadurch erhält der unterzeichnete Notar über
161 2183 963 2232 die Perſon des Erſchienenen Gewißheit.
248 2228 732 2270 Der Erſchienene erklärte:
246 2272 1113 2326 Ich mache der Stadtgemeinde Charlottenburg
161 2314 606 2361 folgendes Kaufangebot:
600 2409 669 2448 § 1.
247 2448 1111 2498 Die Stadtgemeinde Charlottenburg verkauft
161 2493 1110 2539 von dem zu Charlottenburg an der Bismarck⸗
158 2534 1110 2586 ſtraße belegenen Terrain diejenige Parzelle, welche
159 2578 1110 2629 auf dem überreichten Lageplan mit den Buch⸗
157 2621 1108 2673 ſtaben a, b, c, d, d 1, e, f, g, a umſchrieben iſt.
245 2667 1109 2717 Der Lageplan iſt von mir vollzogen. Er ſoll
159 2709 1109 2763 der erſten Ausfertigung dieſes Angebots beigefügt
160 2754 303 2790 werden.
241 2800 1109 2851 Die verkaufte Parzelle hat angeblich einen
158 2842 908 2892 Flächeninhalt von 69,37 Quadratruten.
243 2888 1106 2937 Die Verkäuferin kommt für Größe, Güte und
159 2929 1106 2983 Beſchaffenheit der verkauften Parzelle nicht auf.
597 3030 667 3071 § 2.
242 3067 1106 3115 Der Kaufpreis iſt auf 141 000,— Mark in
156 3108 1106 3167 Worten: Hunderteinundvierzigtauſend Mark feſt⸗
155 3152 798 3204 geſetzt und wird wie folgt belegt:
232 3198 1105 3245 Käufer zahlt an die Verkäuferin 15 000 Mark
153 3239 562 3292 binnen einer Woche.
1246 212 2113 257 Der Reſt des Kaufgeldes mit 126 000 Mark
1159 257 2113 303 wird dem Käufer geſtundet. Der Käufer verpflichtet
1157 301 2112 345 ſich, das Reſtkaufgeld vom 1. Januar 1910 ab mit
1156 345 2111 389 jährlich vier Prozent, in vierteljährlichen an den
1159 388 2111 435 Kalenderquartalserſten fälligen Nachtragsraten zu
1157 433 2111 478 verzinſen. Das Reſtkaufgeld ſoll am 1. Januar 1913
1157 478 1693 522 ohne Kündigung fällig ſein.
1243 522 2108 567 Die Verkäuferin iſt berechtigt, ſchon vor dem
1155 566 2108 612 gedachten Termine die ſofortige Rückzahlung des
1154 609 2004 653 geſamten Reſtkaufgeldes zu fordern, wenn
1211 654 2107 699 1. die Zinſen des Reſtkaufgeldes nicht innerhalb
1263 698 2107 744 einer Woche nach der jedesmaligen Fälligkeit
1263 742 1843 785 entrichtet werden, oder wenn
1208 787 2106 832 2. die Zwangsverwaltung oder Zwangsver⸗
1260 831 2107 875 ſteigerung über die verkaufte Parzelle ein⸗
1261 874 1767 916 geleitet wird, oder wenn
1207 919 2107 963 3. der jedesmalige Eigentümer der Parzelle in
1262 962 2106 1009 Konkurs gerät oder auch nur ſeine Zahlungen
1261 1007 1543 1048 einſtellt, wenn
1205 1052 2105 1095 4. der Käufer nicht innerhalb eines Monats
1257 1096 2106 1140 nach den in § 6 angegebenen Terminen mit
1257 1140 2104 1184 dem daſelbſt gedachten Bau begonnen hat.
1236 1191 2103 1237 Der Käufer iſt berechtigt, das geſamte Kaufgeld
1148 1235 2016 1280 zu jeder Zeit an die Verkäuferin zu zahlen.
1236 1280 2106 1325 Für dieſe Reſtkaufgeldforderung beſtellt der
1150 1323 2104 1370 Käufer mit der erkauften Parzelle Hypothek, und
1148 1367 2106 1414 bewilligt und beantragt die Eintragung derſelben
1148 1411 2105 1458 und der vereinbarten Kündigungs⸗ und Zahlungs⸗
1148 1454 2103 1500 modalitäten in das Grundbuch an erſter Stelle.
1235 1499 2105 1546 Der Käufer unterwirft ſich und ſeine Rechts⸗
1147 1542 2104 1590 nachfolger bezüglich des Reſtkaufgeldes und der
1149 1586 2103 1635 Zinſen der ſofortigen Zwangsvollſtreckung in die
1147 1632 2103 1680 von ihm erkaufte Parzelle und in ſein ſonſtiges
1149 1675 2102 1723 Vermögen in der Weiſe, daß die Zwangsvoll⸗
1145 1719 2099 1765 ſtreckung aus dieſer Urkunde auch gegen den jewei⸗
1145 1762 2098 1810 ligen Eigentümer des Grundſtücks zuläſſig ſein ſoll.
1231 1807 2100 1854 Der Käufer bewilligt, daß ſich die Gläubigerin
1143 1851 2099 1898 und ihre Rechtsnachfolger vollſtreckbare Ausferti⸗
1143 1896 2096 1942 gungen dieſer Verhandlung erteilen laſſen, ſobald
1143 1939 2097 1988 die Zinſen beziehungsweiſe das Kapital fällig ge⸗
1142 1983 2097 2027 worden ſind, und zwar ohne daß der Eintritt der
1143 2025 2096 2072 Fälligkeit nachgewieſen zu werden braucht. Die
1142 2069 2096 2119 Eintragung dieſer Beſtimmung in das Grundbuch
1143 2114 1710 2160 wird bewilligt und beantragt.
1229 2158 2098 2207 Der Käufer bewilligt und beantragt, daß der
1142 2203 2098 2252 vom Grundbuchamt zu bildende Hypothekenbrief
1142 2247 1915 2294 an die Verkäuferin ausgehändigt werde.
1581 2357 1651 2396 § 3.
1230 2396 2096 2444 Stellt ſich bei Beſchaffung des etwa erforder⸗
1139 2441 2095 2490 lichen Kataſtermaterials heraus, daß die erkaufte
1142 2485 2094 2534 Parzelle an Bauland einen größeren oder gerin⸗
1139 2529 2092 2579 geren Flächeninhalt hat, als den im § 1 angegebenen,
1139 2569 2095 2626 ſo erhöht oder vermindert ſich der Kaufpreis nach
1139 2617 2095 2661 einem Einheitsſatz von 2050 Mark für die Quadrat⸗
1136 2661 2095 2710 rute des ermittelten Mehr⸗ oder Mindermaßes. Für
1137 2704 2095 2755 die Berechnung kommt nur der vom ſtädtiſchen
1140 2749 2093 2800 Vermeſſungsamt in Charlottenburg feſtgeſtellte tat⸗
1136 2793 2095 2841 ſächliche Flächeninhalt abgerundet auf volle Qua⸗
1136 2838 2093 2887 dratmeter in Betracht. Der tatſächliche Flächen⸗
1135 2881 2095 2929 inhalt iſt auch maßgebend, wenn Kataſtermaterial
1134 2925 1819 2973 nicht beſchafft zu werden braucht.
1576 3037 1647 3077 § 4.
1221 3077 2091 3125 Die Auflaſſung ſoll ſtattfinden, ſobald die
1136 3122 2090 3172 Genehmigung des Bezirksausſchuſſes die Auflaſſung
1133 3165 2091 3214 geſtattet und ſobald ferner die von der Verkäuferin
1133 3208 2090 3256 auf ihre Koſten zu beſchaffenden Kataſtermaterialien
1132 3253 2098 3303 beſchafft ſein werden. Nutzen und Laſten des Grund⸗
