2278 3614
1133 104 1176 137 87
607 195 676 237 § 6.
252 236 1117 283 Das Verlegen der Rohre hat in abgeſteiften
167 282 1122 328 Baugruben zu erfolgen, die möglichſt ſchmal anzu⸗
165 325 1122 373 legen ſind. Ein Nachgeben der benachbarten Erd⸗
165 369 1118 416 maſſen iſt hierbei, ſowie bei etwaigen Ausbeſſe⸗
164 415 1118 462 rungen und Veränderungen unbedingt zu ver⸗
164 465 314 506 hindern.
251 512 1117 560 Im allgemeinen muß jede Aufgrabung binnen
166 556 1116 603 zwei Wochen wieder zugeſchüttet und einplaniert,
166 599 1117 647 auch der überſchüſſige Boden binnen weiteren acht
166 648 605 693 Tagen abgefahren ſein.
253 698 1116 743 Die Ausführung der Neuanlagen darf in der
170 742 1116 790 Regel nur in der Zeit vom 15. Oktober bis zum
169 786 1115 831 15. Mai zur Ausführung gelangen. Alle Arbeiten,
166 830 1115 874 mit Ausnahme der Notarbeiten dürfen nur nach
166 874 1116 918 ausdrücklicher ſchriftlicher Genehmigung des Forſt⸗
166 919 1116 963 fiskus von der Stadtgemeinde in Angriff genommen
168 967 309 1000 werden.
608 1055 676 1094 § 7.
254 1096 1114 1139 Die Wiederherſtellung der durch Verlegung
168 1140 1114 1183 oder Veränderung der Rohrleitungen den forſt⸗
166 1184 1114 1229 fiskaliſchen Anlagen verurſachten Beſchädigungen
166 1228 1114 1274 erfolgt durch den Forſtfiskus auf Koſten der Stadt⸗
166 1276 348 1317 gemeinde.
253 1317 1117 1360 Der Forſtfiskus iſt berechtigt, von der Stadt⸗
166 1361 1115 1406 gemeinde die Einzahlung eines Vorſchuſſes vor
168 1404 1114 1448 Beginn der Arbeiten für die Druckrohre zur Deckung
166 1450 721 1490 dieſer Unkoſten zu verlangen.
607 1556 676 1595 § 8.
253 1598 1117 1642 Die Stadtgemeinde hat das Recht, die Druck⸗
164 1642 1116 1686 rohrleitungen zu Zwecken des Einbaues, des Be⸗
164 1687 1121 1729 triebes, der Unterhaltung oder Erneuerung aufzu⸗
165 1731 1116 1774 graben, und auch außerhalb des gemäß § 4 zur
167 1775 1115 1818 Verfügung geſtellten Streifens die aufgegrabene
165 1819 1115 1862 Erde zur Seite aufzuſetzen, ſowie die Rohmaterialien
164 1863 1114 1906 zur Seite zu lagern, ſoweit dieſes ohne Störung
164 1909 635 1950 des Verkehrs möglich iſt.
251 1951 1113 1993 Die Stadtgemeinde hat ferner das Recht, die
167 1994 1113 2034 Brücken über den Stößenſee und die Havel ſowie
165 2037 1112 2078 über die Ruhlebener Anſchlußbahn für den Einbau,
165 2081 1113 2123 den Betrieb, die Unterhaltung und Erneuerung
166 2126 1113 2167 der Druckrohrleitungen freizulegen, zu benutzen
165 2170 1113 2213 und dazu vorübergehend Gerüſte anzubringen.
605 2286 674 2324 § 9.
256 2328 1113 2371 Sollten nach Ausführung der Druckrohranlage
168 2372 1113 2416 Beſchädigungen an derſelben eintreten, welche eine
166 2417 1121 2460 Entleerung der Leitung ganz oder teilweiſe ver⸗
164 2462 1112 2504 urſachen, ſo iſt die Stadtgemeinde verpflichtet,
165 2507 1113 2549 ſofort auf ihre Koſten alle herausgetretenen Maſſen
165 2550 1115 2593 ſo ſchnell wie möglich zu beſeitigen und die be⸗
165 2594 1111 2636 treffenden Stellen der Erdoberfläche zu reinigen.
166 2637 1114 2681 Erweiſt ſich die Stadtgemeinde hierbei, ſowie bei
166 2682 1113 2726 der ſorgfältig auszuführenden Reinigung der ver⸗
167 2726 1114 2770 unreinigten Flächen und Anlagen läſſig, ſo iſt der
167 2770 1113 2816 Forſtfiskus berechtigt, dieſe Arbeiten ohne weiteres
166 2815 1113 2860 auf Koſten der Stadtgemeinde bewirken zu laſſen.
597 2933 687 2974 § 10.
253 2975 1115 3020 Die Anbringung von Lufthähnen und Ent⸗
164 3019 1115 3065 leerungsſtellen bedarf für jeden einzelnen Fall
165 3065 1114 3110 der Genehmigung des Forſtfiskus. Dieſer wird
165 3109 1121 3160 grundſätzlich verlangen, daß Einrichtungen bzw. Ab⸗
164 3153 1114 3197 leitungen getroffen werden, durch welche jene
165 3192 1115 3240 Anlagen für die Anwohner und Paſſanten in jeder
166 3241 954 3287 Beziehung einwandsfrei geſtaltet werden.
1578 190 1669 230 § 11.
1235 230 2100 275 Bei der Überführung der Rohrleitungen über
1147 275 2099 319 das Eiſenbahngelände (Anſchlußbahn Charlotten⸗
1146 315 2101 369 burg – Spandau) ſind beim Bau und bei der
1148 363 2100 408 Unterhaltung der Rohrleitungen die im Intereſſe
1147 407 2100 453 der Sicherheit des Eiſenbahnbetriebes bei ähnlichen
1147 452 2099 498 Anlagen üblichen, von der Eiſenbahnverwaltung
1147 497 2099 542 vorzuſchreibenden Bedingungen zu beachten. Die
1149 542 2103 587 Stadtgemeinde verpflichtet ſich, vor Beginn der
1146 585 2100 630 Ausführung dieſerhalb mit der Königlichen Eiſen⸗
1144 629 2100 675 bahndirektion Berlin, Schöneberger Ufer 1/4, in
1148 677 1572 718 Verbindung zu treten.
1577 767 1668 806 § 12.
1232 808 2099 852 Eine Entſchädigung für die Benutzung des
1148 851 2098 896 Straßenkörpers und der Brückenkörper hat die
1148 896 2098 940 Stadtgemeinde nicht zu zahlen, weder an den
1145 939 2097 984 Fiskus noch an ſeine etwaigen Rechtsnachfolger.
1144 1024 2105 1078 B. Aufnahme der Schmutzwäſſer aus
1144 1074 2100 1114 der Kolonie in die Kanaliſation
1254 1114 1987 1166 der Stadt Charlottenburg.
1575 1218 1669 1257 § 13.
1230 1259 2099 1303 Die Stadtgemeinde Charlottenburg verpflichtet
1143 1304 2098 1348 ſich, die Schmutzwäſſer des in dem angehefteten
1146 1348 2100 1392 Lageplan Blatt 1 rot angelegten Grunewald⸗
1145 1393 2098 1435 gebietes, auf dem eine Kolonie gegründet werden
1144 1436 2105 1478 ſoll, in die Charlottenburger Kanaliſation aufzu⸗
1145 1479 2098 1527 nehmen. Wäſſer, welche von atmoſphäriſchen
1146 1523 2098 1567 Niederſchlägen herſtammen, ſowie andere nicht
1146 1568 2099 1611 verunreinigte Wäſſer, wie Kühl⸗ und Kondenſations⸗
1147 1613 2101 1656 wäſſer, ſowie Grund⸗ und Sickerwäſſer aus Drä⸗
1145 1657 2098 1701 nagenanlagen und Baubetrieben, ferner Abflüſſe
1146 1702 2098 1743 von Seen und Teichen und dergleichen dürfen
1145 1747 1603 1787 nicht eingeführt werden.
1576 1845 1666 1884 § 14.
1235 1887 2097 1930 Bei dem Anſchluß ſolcher Anlagen an die
1145 1932 2098 1973 Kanaliſation dieſes Grunewaldgebietes, aus denen
1142 1975 2096 2017 ſaure, alkaliſche oder ſalzige Schmutzwäſſer fließen,
1142 2019 2095 2061 ſind Vorkehrungen dahin zu treffen, daß der
1145 2060 2106 2108 Gehalt an Säure, Alkali oder Salz den Satz von 1/20 %
1143 2107 2099 2150 nicht überſchreitet. Bei dem Anſchluß ſolcher
1144 2152 2098 2195 Anlagen, aus denen verhältnismäßig große Mengen
1143 2196 2097 2240 fettiger oder ſeifenartiger Schmutzwäſſer abfließen,
1143 2241 2098 2285 z. B. aus Wäſchereien, Reſtaurationsküchen uſw.
1143 2284 2101 2329 ſind in die Sonderleitungen zum Abfangen des
1143 2328 2099 2370 Fettes uſw. Fettabſcheider einzuſchalten, deren
1144 2372 2097 2415 Waſſerverſchlüſſe mindeſtens 10 cm tief ſein müſſen.
1229 2417 2098 2461 Der Magiſtrat von Charlottenburg kann jeder⸗
1143 2462 2099 2505 zeit die zur Erfüllung der vorſtehenden Vor⸗
1142 2506 2098 2550 ſchriften getroffenen Einrichtungen und Vor⸗
1141 2551 2098 2594 kehrungen prüfen und die Abſtellung etwaiger
1141 2594 1496 2636 Mißſtände fordern.
1229 2638 2102 2683 Die Höchſtmenge der aufzunehmenden Schmutz⸗
1143 2678 1804 2731 wäſſer beträgt 10 000 cbm täglich.
1575 2784 1666 2824 § 15.
1223 2825 2100 2872 Die Schmutzwäſſer ſind in die ſtädtiſche Kana⸗
1142 2869 2097 2914 liſation beim Spandauer Bock in Höhe von Ord.
1143 2913 2105 2964 + 32,69 nach Maßgabe näherer Beſtimmungen des
1141 2957 2099 3003 Magiſtrats von Charlottenburg einzuleiten. Sache
1143 3002 2100 3048 des Magiſtrats iſt es, die Schmutzwäſſer von hier
1141 3048 2099 3093 aus auf proviſoriſchem oder endgültigem Wege
1142 3092 1358 3135 abzuführen.
1550 3158 1668 3197 § 16.
1222 3198 2099 3244 Die Herſtellung, die Unterhaltung und der
1145 3241 2100 3289 Betrieb aller Kanaliſationsanlagen innerhalb des
