2278 3614
1073 176 1118 210 93
139 265 1088 315 ſeits ſollen vor dem Landgericht Berlin III als dem
141 310 1045 356 vereinbarten Gerichtsſtand ausgetragen werden.
570 403 660 444 § 10.
229 443 1089 491 Der Fiskus darf ſeine Rechte aus dieſem Ver⸗
142 487 1090 537 trage an Dritte, insbeſondere einer zu bildenden
146 532 1089 576 Gemeinde oder einer beſtehenden, in welche das
143 575 1092 624 in § 1 bezeichnete Gebiet eingemeindet wird, über⸗
144 618 1090 669 tragen, wenn der Erwerber der Rechte gleichzeitig
144 663 1091 710 die den übertragenden Rechten entſprechenden
148 712 675 757 Verpflichtungen übernimmt.
1549 260 1639 299 § 11.
1205 300 2070 346 Die geſetzlichen Stempelkoſten dieſes Vertrages
1118 345 2069 392 ſind von beiden Parteien gleichmäßig zu tragen.
1551 438 1641 477 § 12.
1206 478 2071 523 Die Felten & Guilleaume⸗Lahmeyerwerke⸗
1120 523 2071 569 Aktiengeſellſchaft tritt dieſem Vertrage, ſoweit er
1120 566 2070 611 die Lieferung elektriſcher Energie betrifft, für die
1121 611 2071 655 Dauer des zurzeit beſtehenden Pachtvertrages
1120 654 2071 702 bezüglich des ſtädtiſchen Elektrizitätswerkes Char⸗
1121 701 1626 745 lottenburg ausdrücklich bei.
687 969 1512 1015 Charlottenburg, den 4. März 1910.
753 1068 1462 1110 Der Stadtverordneten⸗Vorſteher.
1029 1157 1243 1198 Kaufmann.
