2278 3614
1150 75 1192 107 89
657 169 692 207 b)
279 207 1158 259 Zwiſchen dem Königlich Preußiſchen Forſt⸗
200 253 1152 304 fiskus und der Stadtgemeinde Charlottenburg,
200 297 1154 344 vertreten durch den Magiſtrat, wird folgender
202 347 614 391 Vertrag abgeſchloſſen:
656 437 724 476 § 1.
290 475 1154 524 Der Fiskus räumt für ſich und ſeine Beſitz⸗
201 520 1154 569 bzw. Rechtsnachfolger der Stadtgemeinde auf die
203 565 1157 610 Dauer von 50 Jahren, vom 1. Oktober 1910 an⸗
202 608 1154 658 fangend, alſo bis zum 30. September 1960, das
203 652 1154 701 ausſchließliche Recht ein, die auf dem anliegenden
206 696 1154 747 Lageplan mit roter Farbe bezeichneten Gebiets⸗
203 742 1154 786 teile des Gutsbezirks Grunewald Forſt gegen
204 786 1154 834 Entgelt mit Gas zu verſorgen und zu dieſem Behufe
203 830 1156 875 die innerhalb desſelben gelegenen und anzulegen⸗
198 874 1154 920 den Wege, Straßen, Plätze und Brücken mit Gas⸗
203 917 1154 964 röhren zu belegen, Anſchlußleitungen herzuſtellen
204 963 1154 1008 ſowie Änderungen und Ausbeſſerungen an Haupt⸗
203 1007 1154 1052 und Anſchlußleitungen vorzunehmen, und ver⸗
204 1051 1154 1098 pflichtet ſich, während der Vertragsdauer keine
206 1096 1153 1142 eigene Gasanſtalt zu errichten oder zu betreiben,
204 1140 1152 1185 ſowie weder ſelbſt Gasleitungsröhren zu legen,
204 1184 1153 1229 noch die Herſtellung einer Gasanſtalt oder Legung
205 1228 1066 1273 ſolcher Leitungen einem Dritten zu geſtatten.
293 1271 1153 1316 Die Rechte aus dieſem Vertrage bleiben auch
205 1316 1154 1361 beſtehen, wenn für die bezeichneten Gebietsteile
205 1360 1154 1407 ein eigener Kommunalverband (Gemeindebezirk)
204 1404 1155 1449 gebildet werden ſollte und erſtrecken ſich auf alle
204 1447 1156 1491 Erweiterungen des zu bildenden Kommunalver⸗
203 1491 1154 1536 bandes. Ebenſo bleiben dieſe Rechte beſtehen,
207 1536 1155 1579 wenn die bezeichneten Gebietsteile einem anderen
207 1580 1155 1625 Gemeindebezirk einverleibt werden. Die Anſprüche
205 1625 1155 1668 aus dieſem Vertrage ſind danach auch gegen den
205 1669 1157 1712 zu bildenden oder einverleibenden Kommunal⸗
199 1715 567 1756 verband begründet.
649 1803 718 1843 § 2.
294 1846 1158 1888 Die Stadtgemeinde iſt verpflichtet, Gasröhren
206 1889 1158 1933 in denjenigen Straßen zu legen, in welchen der
208 1934 1157 1977 Fiskus die Aufſtellung und Beleuchtung von
211 1977 1160 2018 Straßenlaternen verlangt, jedoch nur inſoweit, als
207 2020 1158 2063 auf je ein Meter Leitungslänge ein Jahreskonſum
202 2064 1159 2106 von mindeſtens 8 cbm garantiert iſt. Indes ſoll
206 2108 1158 2151 es ihr geſtattet ſein, auch lediglich zur Verſorgung
209 2153 1158 2194 von Privatabnehmern Straßen mit Gasröhren zu
208 2199 354 2240 belegen.
299 2242 1161 2283 Zur Verlegung von Gasröhren in Straßen
205 2286 1160 2326 oder Straßenteilen, in welchen die öffentliche
212 2329 1165 2371 Beleuchtung durch Gas nicht ſofort nach Fertig⸗
210 2374 1160 2416 ſtellung der Rohrleitung eingeführt werden ſoll,
208 2418 1166 2460 iſt ſie nur in dem Falle verpflichtet, wenn min⸗
210 2463 1160 2505 deſtens die Hälfte einer Straße bebaut iſt, d. h.
211 2507 1162 2550 wenn die Frontlänge der an derſelben umfriedeten
213 2552 1162 2593 Grundſtücke, deren Anſchluß von den Beſitzern
212 2595 1163 2638 beantragt wird, einerlei an welcher Seite der
215 2639 1162 2681 Straße die Gebäude liegen, mindeſtens die Hälfte
213 2683 1167 2726 der ganzen (d. i. der beiderſeitigen) Straßen⸗
212 2729 515 2771 länge ausmacht.
656 2821 732 2860 § 3.
301 2861 1164 2904 Der Fiskus iſt verpflichtet, die öffentliche
216 2905 1165 2949 Beleuchtung mittels Gas mit wenigſtens 30 (in
215 2949 1011 2994 Worten: Dreißig) Flammen zu bewirken.
302 2994 1165 3038 Der Fiskus hat 6 Monate vor dem ge⸗
208 3039 1166 3084 wünſchten Anfang der Straßenbeleuchtung mittels
217 3084 1166 3129 Gas die Stadtgemeinde zur Vornahme der Röhren⸗
214 3129 1165 3172 legung und Aufſtellung der Laternen aufzufordern.
299 3173 1174 3216 In ſämtlichen Straßen, in welchen die Gas⸗
214 3217 1168 3261 beleuchtung eingeführt wird, werden die Laternen
1181 151 2144 204 auf beiden Seiten der Straße in einer Entfernung
1183 196 2144 246 von je höchſtens 120 Metern von einander auf⸗
1183 250 1315 292 geſtellt.
1627 309 1696 349 § 4.
1271 348 2144 397 Die Herſtellung und Unterhaltung des Rohr⸗
1182 393 2146 443 netzes und aller benötigten Zubehörungen geſchieht
1182 438 2144 488 durch die Stadtgemeinde auf deren alleinige
1184 491 1312 532 Koſten.
1271 527 2146 575 Diejenigen Teile der Straßenbedeckung, welche
1183 572 2147 619 bei dieſen Arbeiten aufgebrochen oder beſchädigt
1184 616 2146 666 werden, ſowie die dabei etwa beſchädigten Straßen⸗
1183 661 2145 710 anpflanzungen und Kanaliſationsanlagen hat die
1186 705 2146 754 Stadtgemeinde ordnungsmäßig auf ihre Koſten
1184 750 2146 798 wieder herzuſtellen und dafür eine einjährige
1185 800 1674 841 Garantie zu übernehmen.
1269 840 2145 886 In allen Fällen dürfen Röhren oder andere
1182 883 2146 928 Teile des Beleuchtungsapparates, ſofern öffent⸗
1182 927 2147 975 liche oder private Intereſſen eine zeitweilige Weg⸗
1183 971 2148 1020 räumung nötig machen, nur durch ihre Arbeiter
1183 1016 2147 1065 weggenommen und demnächſt wieder hergeſtellt
1184 1061 2146 1108 werden, und zwar, ſofern private Intereſſen dieſe
1183 1107 2147 1151 Arbeiten verurſacht haben, auf Koſten desjenigen
1183 1151 2147 1196 Teiles, auf deſſen Erſuchen die Arbeit ausgeführt
1184 1200 1275 1233 wird.
1627 1269 1696 1308 § 5.
1271 1310 2146 1355 Der Stadtgemeinde ſteht das Recht zu, durch
1183 1355 2146 1400 die innerhalb des Vertragsgebietes gelegten Röhren
1184 1400 2101 1443 auch andere Gemeinden mit Gas zu verſorgen.
1627 1490 1696 1529 § 6.
1272 1532 2146 1575 Die erforderlichen Straßenlaternen in der von
1186 1574 2149 1620 der Stadtgemeinde in Charlottenburg allgemein
1185 1621 2149 1665 angewendeten Form ſind von ihr auf ihre Koſten,
1189 1666 2150 1708 und zwar neu zu beſchaffen, aufzuſtellen, ordnungs⸗
1186 1710 2149 1753 mäßig zu unterhalten und zu reinigen, und nach
1187 1754 2150 1796 einem alljährlich im Monat Dezember von dem
1189 1798 2156 1841 Fiskus feſtzuſetzenden Beleuchtungskalender an⸗
1188 1843 2150 1885 zuzünden ſowie auszulöſchen. Die Laternen bleiben
1187 1888 1766 1930 Eigentum der Stadtgemeinde.
1277 1932 2151 1974 Späteſtens 30 Minuten nach der feſtgeſetzten
1189 1976 2150 2017 Brennzeit müſſen alle Laternen angezündet ſein.
1188 2020 2151 2061 Der Beleuchtungskalender muß mindeſtens eine
1186 2064 2152 2105 jährliche Durchſchnittsbrennzeit von 1000 Stunden
1188 2108 1593 2150 pro Laterne ergeben.
1276 2152 2159 2195 Die Straßenbeleuchtung wird dem Fiskus ein⸗
1189 2197 2152 2241 ſchließlich Bedienung und Verſorgung der Laternen
1190 2242 2154 2283 für jede Straßenflamme und Brennſtunde mit
1191 2285 1729 2327 3,25 ₰ in Rechnung geſtellt.
1279 2329 2154 2376 Die hiernach ſich ergebenden Rechnungsbeträge
1190 2374 2159 2419 hat der Fiskus in vierteljährlichen Nachtrags⸗
1189 2419 2109 2463 zahlungen an die Stadtgemeinde zu begleichen.
1635 2510 1706 2549 § 7.
1279 2552 2157 2596 Die Stadtgemeinde iſt dem Domänenfiskus
1191 2596 2158 2640 und ſeinem Rechtsnachfolger verpflichtet, in den
1195 2640 2156 2685 Straßen und Plätzen, wo Gasröhren liegen, an
1192 2684 2158 2731 öffentliche Behörden und Privatperſonen nach
1191 2729 2158 2776 Maßgabe ihrer dieſem Vertrage beigehefteten
1192 2775 2159 2821 allgemeinen Lieferungsbedingungen, die den Tarif
1192 2819 2162 2863 umfaſſen, jederzeit Gas zu liefern. Ein unmittel⸗
1192 2863 2164 2909 barer Anſpruch auf Gaslieferung wird für die einzel⸗
1193 2906 2165 2957 nen Abnehmer hierdurch nicht begründet. Die Stadt⸗
1194 2952 2161 2999 gemeinde verlegt die Zuleitung bis zur Vorgarten⸗
1193 2992 2162 3043 bewährung oder wo Vorgärten nicht vorhanden
1194 3041 2161 3089 ſind, bis 2 Meter von der Bauflucht auf eigene
1194 3087 2165 3136 und von da ab auf Koſten der Haus⸗ oder Grund⸗
1196 3130 1507 3173 ſtückseigentümer.
1283 3175 2162 3223 Der Fiskus bewilligt und beantragt auf den
1196 3219 2162 3266 zum Vertragsgebiet gehörenden Grundſtücken, die
