2278 3614
1090 165 1129 198 92
228 253 1103 295 Für die Aufſtellung von Transformatoren⸗
147 297 1101 339 ſäulen bzw. von Transformatoren⸗ und Umformer⸗
147 341 1101 384 ſtationen iſt für alle im § 1 genannten Zwecke der
146 386 1102 428 notwendige Platz an geeigneten Stellen von dem
148 430 1102 473 Forſtfiskus bzw. ſeinen Rechtsnachfolgern dem
146 475 1099 518 Elektrizitätswerk ohne irgendwelche Zahlung und
145 520 1100 562 irgendwelche Abgabe zur Verfügung zu ſtellen.
592 609 659 646 § 5.
232 653 1100 694 Der Umfang des erſten Ausbaues der in der
147 697 1098 740 neuen Kolonie zu errichtenden elektriſchen Anlagen,
148 742 1100 784 Verlegung von Kabeln uſw. iſt zwiſchen dem Forſt⸗
145 787 1099 829 fiskus und der Stadtgemeinde beſonders vereinbart.
146 830 1101 873 Der dieſe Vereinbarung darſtellende Leitungsplan
145 875 1101 917 gehört zu dem Vertrage und iſt in der Anlage bei⸗
144 919 1099 962 geheftet. Die Stadtgemeinde iſt verpflichtet,
145 963 1100 1007 dieſen erſten Ausbau innerhalb 3 Monaten nach
145 1009 1100 1052 erhaltener ſchriftlicher Aufforderung durchzuführen
143 1053 1101 1096 und den Anſchluß von Grundſtücken zu beiden Seiten
145 1098 1099 1140 der betreffenden Straßen auf Antrag der Beſitzer,
144 1142 1101 1184 ſowie die Stromlieferung nach dieſen Grundſtücken
144 1186 1098 1228 zu den Bedingungen der Anlage B zu bewirken.
253 1230 1099 1272 Der weitere Ausbau des Kabelnetzes und der
143 1275 1099 1318 Transformatorenſtationen innerhalb des Ver⸗
144 1319 1099 1363 tragsgebietes richtet ſich nach dem jeweiligen Be⸗
143 1364 1100 1407 darf. Die Stadtgemeinde iſt zur Herſtellung von
144 1408 1100 1450 weiteren elektriſchen Leitungen, Errichtung von
144 1452 1103 1494 Unterſtationen uſw. verpflichtet, wenn für min⸗
144 1496 1100 1538 deſtens 5 Jahre die nachſtehend beſtimmte Mindeſt⸗
144 1540 1100 1583 Energie⸗Abnahme von dem Forſtfiskus oder ſeinen
144 1585 1102 1627 Rechtsnachfolgern und dem zu bildenden oder ein⸗
143 1630 1099 1673 gemeindenden Kommunalverband oder von Pri⸗
143 1675 1098 1717 vatabnehmern garantiert iſt. Die Garantie der
143 1719 1097 1761 letzteren iſt indes nur dann vollſtändig, wenn ſie
143 1763 1097 1805 eine von der Stadtgemeinde für hinreichend be⸗
143 1807 1098 1850 fundene Sicherheit in der von ihr feſtzuſetzenden
143 1852 1097 1895 Höhe hinterlegt haben. Dieſe Garantie für die
142 1897 1097 1941 jährliche Bruttoeinnahme aus der Abgabe elek⸗
143 1942 1097 1985 triſcher Energie hat wenigſtens 40 % des geſamten
142 1985 1097 2029 für die betreffenden Erweiterungen des Kabel⸗
142 2030 1096 2072 netzes, der Transformatoren uſw. aufzuwendenden
145 2074 1097 2117 Kapitals zu betragen, wobei die Einnahmen aus
145 2118 1097 2162 Straßenbeleuchtung nicht mit eingerechnet werden
142 2163 270 2204 dürfen.
586 2211 655 2250 § 6.
230 2253 1103 2296 Die Berechnung des Stromverbrauchs inner⸗
140 2297 1096 2340 halb des Vertragsgebietes erfolgt auf Grund der
141 2341 1098 2385 angehefteten allgemeinen Bedingungen nebſt zu⸗
141 2386 1094 2430 gehörigen Tarifen bzw. nach den Ergänzungen und
141 2430 1094 2474 Abänderungen dazu, welche für den Stromverbrauch
141 2475 1092 2520 des Stadtgebietes Charlottenburg erlaſſen werden.
228 2520 1099 2564 Der Energieverbrauch der für Gemeinde⸗
142 2565 1094 2608 zwecke benutzten Gebäude und für die eventuell
142 2607 1094 2653 einzurichtende Straßenbeleuchtung iſt nach dem
142 2652 768 2697 nachſtehenden Tarif zu bezahlen:
186 2696 1093 2744 A. für jede für Beleuchtungszwecke abgegebene
252 2742 1093 2788 Kilowattſtunde bei einem Jahresverbrauch
250 2786 869 2831 bis zu 200 000 Kilowattſtunden
980 2788 1090 2830 12 ₰
252 2831 962 2875 für den Mehrverbrauch über 200 000
254 2874 965 2919 Kilowattſtunden hinaus für jede Kilo⸗
253 2919 463 2959 wattſtunde
187 2962 960 3009 B. für jede für Kraftzwecke und für die
253 3007 962 3056 öffentliche Straßenbeleuchtung abge⸗
252 3052 684 3096 gebene Kilowattſtunde
980 3059 1079 3100 10 „
232 3096 1093 3145 Der Energieverbrauch für Beleuchtungszwecke
144 3142 1093 3189 des vom 1. April bis zum 31. März laufenden Ge⸗
142 3184 1098 3233 ſchäftsjahres wird für die Abrechnung als ein
145 3229 1094 3278 Ganzes betrachtet; die für Kraft und für die Straßen⸗
141 3273 1094 3322 beleuchtung auſgewendete Energie wird bei dieſer
143 3318 684 3363 Feſtſtellung nicht mitgezählt.
988 2926 1079 2965 11 „
1216 254 2084 296 Ein Mehrverbrauch in einem Rechnungsjahre
1128 297 2084 339 iſt auf ein anderes mit Minderverbrauch nicht über⸗
1130 342 1275 384 tragbar.
1218 386 2087 430 Das Elektrizitätswerk iſt nur verpflichtet, die⸗
1131 432 2084 474 jenigen Straßenzüge elektriſch zu beleuchten, in
1131 476 2083 519 denen Niederſpannungsverteilungsleitungen nach
1131 521 2084 563 dem erſtmalig vereinbarten Plan vorhanden ſind
1131 565 2085 607 oder nach den Beſtimmungen des vorhergehenden
1132 609 1780 651 Paragraphen neu verlegt werden.
1217 653 2093 696 Die Feſtſtellung des Energieverbrauches er⸗
1129 698 2084 741 folgt entſprechend den in Charlottenburg gültigen
1131 743 2085 786 Bedingungen durch zuverläſſige Kilowattſtunden⸗
1130 789 1248 830 zähler.
1573 879 1642 917 § 7.
1218 920 2086 963 Die Stadtgemeinde entrichtet, abgeſehen von
1130 965 2084 1009 den allgemeinen öffentlichen Abgaben, keinerlei
1129 1011 2085 1054 beſondere Abgaben oder Entſchädigungen. Nur
1131 1055 2085 1098 wenn nach Ablauf dieſes Vertrages die Leitungen
1129 1099 2090 1141 beibehalten werden, entrichtet ſie eine Anerkennungs⸗
1130 1143 2083 1186 gebühr von jährlich 10 ₰ für jedes lfd. m Leitung.
1572 1261 1641 1300 § 8.
1216 1304 2084 1347 Die Dauer des Vertrages wird auf 20 Jahre
1128 1348 2089 1392 feſtgeſetzt, vom Tage des Vertragsſchluſſes an⸗
1129 1394 2085 1436 gerechnet. Falls der Vertrag nicht 3 Jahre vor
1130 1437 2084 1480 Ablauf des Endtermins mittels Einſchreibebriefes
1130 1480 2083 1524 von der einen oder anderen Seite gekündigt wird,
1130 1525 2085 1568 gilt er jedesmal ſtillſchweigend auf weitere 10 Jahre
1129 1570 1326 1612 verlängert.
1215 1615 2084 1658 Macht der Fiskus von ſeinem Kündigungsrecht
1130 1660 2083 1703 Gebrauch, dann hat er auf Verlangen der Stadt⸗
1127 1704 2084 1746 gemeinde die im Vertragsgebiet vorhandenen, der
1130 1748 2081 1791 Stadtgemeinde Charlottenburg gehörigen Anlagen,
1126 1792 2083 1835 ſoweit ſie nicht ausſchließlich zur Verſorgung an⸗
1127 1837 2084 1880 derer Gemeinden dienen, zum Buchwert d. i. zum
1127 1882 2083 1924 Herſtellungswert abzüglich einer jährlichen Ab⸗
1126 1927 1890 1969 ſchreibung von 3 v. H. zu übernehmen.
1214 1971 2083 2012 Der Forſtfiskus hat aber, ſofern er kein eigenes
1126 2015 2084 2056 Elektrizitätswerk baut, ſondern den Strom von
1127 2059 2082 2102 anderer Seite beziehen will, der Stadtgemeinde
1127 2103 2083 2146 Charlottenburg bei ſonſt gleichen Bedingungen
1127 2148 2083 2192 das Vorrecht vor andern Unternehmern zu gewähren
1126 2191 2083 2236 und zu dieſem Behufe die Stadtgemeinde vor Ab⸗
1127 2236 2083 2279 ſchluß eines andern Elektrizitätslieferungsvertrages
1127 2281 2082 2323 aufzufordern, ſich innerhalb einer Friſt von 3 Mo⸗
1124 2325 2082 2367 naten darüber zu erklären, ob ſie die Stromlieferung
1123 2369 2083 2413 unter den vorgeſehenen Bedingungen ſelbſt über⸗
1123 2413 2087 2457 nehmen will. Wenn etwa nach Abgabe der Er⸗
1124 2457 2082 2501 klärung eine Änderung der urſprünglichen Bedin⸗
1123 2503 2081 2546 gungen ſtattfindet, ſo iſt die Stadtgemeinde noch
1123 2547 2081 2590 einmal zur Erklärung über die Ausübung ihres
1126 2591 2085 2634 Vorrechts auf Grundlage der abgeänderten Bedin⸗
1123 2636 2086 2679 gungen aufzufordern; für dieſe abermalige Er⸗
1122 2680 1903 2724 klärung genügt eine Friſt von 1 Monat.
1209 2725 2082 2769 Nach Ablauf des Vertrages hört das Monopol
1122 2770 2081 2814 der Abgabe elektriſcher Energie auf. Das Elek⸗
1122 2815 2082 2858 trizitätswerk iſt jedoch berechtigt, ſeine ſämtlichen
1122 2859 2082 2902 auf Grund dieſes Vertrages ausgeführten Anlagen
1121 2903 2082 2946 in und auf dem Gelände des Vertragsgebietes
1121 2948 2085 2991 zu belaſſen, zu unterhalten, zu erweitern und die
1124 2993 2087 3037 Stromlieferung, ſoweit ſie an andere Gemeinden
1122 3039 1495 3082 erfolgt, fortzuſetzen.
1567 3147 1638 3186 § 9.
1209 3189 2084 3233 Alle aus dieſem Vertrage etwa entſtehenden
1124 3234 2084 3278 Streitigkeiten zwiſchen dem Forſtfiskus bzw. ſei⸗
1121 3279 2085 3322 nen Rechtsnachfolgern einerſeits und dem Elek⸗
1124 3324 2085 3369 trizitätswerk bzw. ſeinem Rechtsnachfolger anderer⸗
