2278 3614
1133 65 1175 98 90
187 144 1139 193 demnächſt als Wege, Straßen oder Platzgrundſtücke
187 190 1139 237 ſelbſtändig konſtituiert werden ſollen, und für die
188 234 1138 281 ein neues Grundbuchblatt gebildet wird, in Ab⸗
187 278 1138 325 teilung II des neu anzulegenden Grundbuchblattes
186 322 1138 370 die Eintragung folgender Belaſtung zugunſten der
189 366 481 410 Stadtgemeinde:
339 413 1137 461 „Der Stadtgemeinde Charlottenburg ſteht
293 458 926 502 nach Maßgabe des Vertrages vom
292 502 1136 549 bis zum 30. September 1960 und im Falle
291 546 1135 592 der Verlängerung des Vertrages für die
291 590 1134 637 Dauer der Verlängerung das ausſchließliche
291 634 1134 681 Recht zu, dieſes Grundſtück mit Gasröhren
289 677 1134 726 zu belegen, darauf Anſchlußleitungen her⸗
288 722 1133 771 zuſtellen, ſowie Anderungen und Ausbeſſe⸗
288 769 1133 816 rungen an Haupt⸗ und Anſchlußleitungen
287 813 1132 859 vorzunehmen und mittels dieſer Röhren das
287 856 1130 904 Vertragsgebiet mit Gas zu verſorgen. Auch
285 900 1130 947 nach Ablauf des Vertragsverhältniſſes mit
285 944 1128 994 dem Fiskus oder deſſen Rechtsnachfolger
283 989 1129 1038 bleibt die Stadtgemeinde berechtigt, in dieſem
285 1035 1129 1081 Grundſtücke zwecks Lieferung von Gas an
285 1079 1129 1126 Privatabnehmer und Gemeinden, ihre Ein⸗
282 1123 1130 1170 richtungen fortbeſtehen zu laſſen, zu ver⸗
284 1168 1060 1214 ändern, zu verbeſſern und auszudehnen.“
261 1211 1128 1259 Der Fiskus verpflichtet ſich, ſolche auf ein
171 1256 1128 1303 neues Grundbuchblatt übertragenen Grundſtücke
171 1301 1127 1348 binnen 4 Wochen, nachdem dies geſchehen, der
176 1345 1125 1394 Stadtgemeinde zu bezeichnen, und ihr auch künftig
170 1390 1126 1437 Anzeige zu machen, ſobald für ein zum Vertrags⸗
169 1433 1127 1480 gebiet gehöriges Wege⸗, Straßen⸗ oder Platz⸗
169 1477 1125 1525 grundſtück ein neues Grundbuchblatt gebildet wird,
167 1521 1125 1568 um ſodann auch für dieſes die entſprechende Ein⸗
166 1565 1125 1613 tragung im Grundbuch zu bewilligen. Sollten
171 1611 1124 1659 Straßengrundſtücke ſich noch im Privatbeſitz be⸗
166 1655 1121 1704 finden und hat der Fiskus ein Recht auf Auflaſſung
166 1699 1120 1748 derſelben, ſo hat er von dieſem Rechte Gebrauch zu
165 1744 1121 1789 machen, und auch ſolche Grundſtücke der Stadt⸗
165 1788 1120 1836 gemeinde anzuzeigen. Will oder kann er die Auf⸗
163 1832 1120 1881 laſſung nicht verlangen, ſo hat er die eingetragenen
163 1877 1132 1926 Eigentümer zu veranlaſſen, die Eintragung der
167 1922 946 1970 Rechte der Stadtgemeinde zu bewilligen.
254 1966 1131 2012 Die Koſten der Eintragungen übernimmt die
166 2010 1117 2061 Stadtgemeinde. Inſoweit bisherige öffentliche
164 2055 1118 2103 Anlagen durch nachträgliche Veränderungen des
165 2099 1117 2144 Bebauungsplanes dieſes Charakters entkleidet wer⸗
161 2143 1116 2192 den, hat die Stadtgemeinde Charlottenburg bei
161 2188 1117 2236 Abſchreibung der betreffenden Parzellen von dieſem
162 2233 1116 2281 Grundbuchblatt für die abzuſchreibenden ohne
160 2277 1114 2325 Entgelt Löſchungsbewilligung dieſer Laſt zu er⸗
160 2321 272 2354 teilen.
250 2366 1128 2415 Falls die Stadtgemeinde ihre allgemeinen
165 2410 1127 2460 Lieferungsbedingungen oder den Tarif ändern
162 2455 1114 2505 ſollte, ſo gelten dieſe Lieferungsbedingungen und
162 2500 830 2547 Tarif auch für das Vertragsgebiet.
604 2594 673 2633 § 8.
249 2633 1114 2681 Mit Rückſicht darauf, daß für die Stadt⸗
163 2678 1114 2726 gemeinde das durch dieſen Vertrag übernommene
164 2722 1114 2774 Gaslieferungsgeſchäft vorausſichtlich auf lange Zeit
162 2766 1114 2819 ein lohnendes nicht ſein wird, verpflichtet ſich der
162 2810 1113 2861 Fiskus, ſoweit ihm dies möglich iſt, jetzt und in
162 2854 1114 2907 Zukunft die Stadtgemeinde bei Ausübung ihres
165 2897 1113 2956 Geſchäftes zu fördern und ihr bei Wegräumung
162 2941 1114 3001 aller der gedeihlichen Entwickelung des Geſchäfts
161 2987 1111 3040 etwa ſich entgegenſtellenden Schwierigkeiten be⸗
159 3030 440 3074 hilflich zu ſein.
601 3128 672 3167 § 9.
247 3164 1109 3216 Dieſer Vertrag gilt in allen ſeinen Teilen
159 3203 1111 3264 jedesmal auf fernere je 10 Jahre verlängert, falls
1169 153 2122 205 er nicht wenigſtens 2 Jahre vor ſeinem Ablauf
1169 198 2122 249 von einem der vertragsſchließenden Teile gekündigt
1169 241 2121 292 wird. Indes bleibt auch nach Ablauf des Vertrages
1167 285 2120 336 die Stadtgemeinde berechtigt, im ganzen Umfange
1167 329 2119 378 des im §1 bezeichneten Gebiets und ſeiner Er⸗
1167 374 2118 423 weiterungen zum Zwecke der Lieferung von Gas
1167 419 2117 469 an Privatabnehmer ihre bisherigen Einrichtungen
1166 463 2116 513 fortbeſtehen zu laſſen, zu verändern, zu verbeſſern
1163 509 2116 557 und auszudehnen ſowie durch die innerhalb des
1167 553 2114 602 Vertragsgebietes gelegten Leitungen uſw. auch
1164 597 1980 645 andere Gemeinden mit Gas zu verſorgen.
1593 690 1683 732 § 10.
1252 731 2114 781 Bei Streitigkeiten zwiſchen den vertrags⸗
1161 774 2114 824 ſchließenden Teilen, welche eine gerichtliche Ent⸗
1161 818 2112 869 ſcheidung erfordern, ſoll als ordentlicher Gerichts⸗
1159 864 2109 914 ſtand derſelben derjenige der Stadt Charlottenburg
1159 908 1507 949 angeſehen werden.
1591 1003 1680 1042 § 11.
1248 1043 2110 1092 Die Stadtgemeinde iſt berechtigt, die ihr aus
1160 1087 2108 1135 dieſem Vertrage dem Fiskus gegenüber zuſtehenden
1160 1131 2110 1179 Rechte oder auch einzelne dieſer Rechte mit Ge⸗
1158 1175 2109 1224 nehmigung des Fiskus einem Dritten abzutreten
1157 1219 2109 1265 unter der Vorausſetzung, daß der Erwerber der
1157 1263 2109 1314 Rechte gleichzeitig die den übertragenen Rechten
1156 1309 2109 1355 entſprechenden Verpflichtungen übernimmt. Der
1157 1353 2107 1403 Fiskus darf die Genehmigung nur verſagen,
1157 1398 2108 1446 wenn begründete Bedenken gegen die Leiſtungs⸗
1155 1440 2108 1489 fähigkeit des die Rechte und Pflichten Übernehmen⸗
1155 1485 2108 1533 den vorliegen. Durch die Übernahme der der
1158 1528 2107 1579 Stadtgemeinde nach dieſem Vertrage obliegenden
1157 1572 2107 1624 Pflichten durch den Rechtsnachfolger wird ſie
1154 1617 2107 1667 ſelbſt von dieſen Verpflichtungen dem Fiskus
1152 1664 2106 1712 gegenüber befreit. Unter denſelben Bedingungen
1152 1707 2106 1756 darf der Fiskus ſeine Rechte aus dieſem Vertrage
1151 1750 2106 1799 einem Dritten, insbeſondere einer zu bildenden
1153 1795 2105 1844 Gemeinde oder einer beſtehenden, in welche das
1148 1839 2103 1890 in §1 bezeichnete Gebiet eingemeindet wird,
1148 1884 1359 1928 übertragen.
1581 1979 1671 2018 § 12.
1235 2018 2104 2067 Die Koſten und Stempel dieſes Vertrages
1146 2062 2104 2109 übernehmen beide vertragsſchließenden Teile je
1147 2107 1349 2147 zur Hälfte.
1608 2254 1627 2276 0
1234 2246 2102 2330 Zwiſchen dem Könglichen Forſtfiskus — in
1146 2327 2044 2377 Nachſtehendem kurz mit „Forſtfiskus“ bezeichnet —
1146 2374 2102 2421 vertreten durch Herrn Geheimen Baurat Frey,
1146 2416 2104 2467 vorbehaltlich der Genehmigung des Herrn Miniſters
1145 2462 2104 2509 für Domänen, Landwirtſchaft und Forſten einer⸗
1145 2507 2104 2556 ſeits, und der Stadtgemeinde Charlottenburg als
1145 2551 2104 2596 Eigentümerin des an die Felten & Guillaume⸗
1147 2595 2101 2643 Lahmeyerwerke Aktiengeſellſchaft, Frankfurt a. M.
1145 2641 2105 2690 verpachteten ſtädtiſchen Elektrizitätswerkes Char⸗
1144 2685 1920 2733 lottenburg andererſeits, wird folgender
1517 2779 1734 2821 Vertrag
1144 2820 1390 2862 abgeſchloſſen:
1590 2913 1659 2952 91.
1232 2953 2104 3001 Der Forſtfiskus erteilt für ſich und ſeine
1144 2997 2105 3047 Rechtsnachfolger der Stadtgemeinde Charlotten⸗
1142 3042 2105 3092 burg und der Aktiengeſellſchaft in Firma Felten
1144 3089 2105 3137 « Guilleaume⸗Lahmeyerwerke — letzterer für
1142 3132 2105 3181 die Dauer des zwiſchen der Stadtgemeinde Char⸗
1141 3177 2104 3226 lottenburg und dieſer Geſellſchaft beſtehenden
1144 3221 2104 3271 Pachtvertrages über das ſtädtiſche Charlottenburger
