2278 3614
1123 91 1162 128 17
850 351 1446 462 Vorlagen
1086 505 1210 545 für die
221 592 2061 682 Stadtverordneten⸗Verſammlung zu Charlottenburg.
849 724 1429 769 In nicht öffentlicher Sitzung.
477 978 822 1020 Druckſache Nr. 15.
168 1036 1125 1088 Vorlage betr. Veräußerung des Grundſtücks Bis⸗
503 1086 794 1127 marckſtraße 94.
174 1146 726 1187 Urſchriftlich mit Akten
291 1190 1006 1234 an die Stadtverordnetenverſammlung
173 1233 813 1276 mit dem Antrage, zu beſchließen:
228 1278 1126 1321 1. Die Veräußerung des ſtädtiſchen Grundſtücks
284 1322 1127 1366 Bismarckſtraße 94 nach Maßgabe der Offerte
281 1367 1126 1409 des Kaufmanns Franz Eheſtädt — Nr. 1700
281 1412 1127 1454 des Notariatsregiſters für 1909 des Juſtizrats
283 1454 812 1497 Bading — wird genehmigt.
226 1497 1128 1542 2. Der aus der Veräußerung erzielte Erlös iſt
281 1540 978 1586 dem Bismarckſtraßenetat zuzuführen.
262 1594 1128 1640 Das vertragsgemäß durch Vermittlung der
176 1638 1127 1684 Berliniſchen Bodengeſellſchaft zum Verkauf an⸗
174 1681 1127 1726 geſtellte Grundſtück iſt der Reſt des früher Gellert'⸗
175 1725 1128 1769 ſchen Grundſtücks an der Südſeite der Bismarck⸗
176 1769 1128 1811 ſtraße, zwiſchen der Weimarer und der Krummen
179 1813 1127 1859 Straße. Das Grundſtück hat eine Front von 16,92m
176 1857 1127 1906 an der Bismarckſtraße und eine Größe von 930 qm
177 1902 1128 1949 oder 65,56 Quadratruten. Der Kaufpreis beträgt
180 1947 1125 1990 121 280 ℳ, d. h. rund 1850 ℳ für eine Quadratrute.
178 1989 1127 2036 Nach dem mit der Berliniſchen Bodengeſellſchaft
177 2032 1128 2079 geſchloſſenen Vertrage iſt der Stadtgemeinde an
178 2077 1129 2123 der Bismarckſtraße ein Durchſchnittspreis von
181 2120 1128 2168 1925 ℳ für die Quadratrute der geſamten zum
180 2164 1021 2213 Verkauf geſtellten Reſtgrundſtücke garantiert.
264 2210 1127 2257 Das Angebot entſpricht dem zwiſchen der
180 2253 1128 2299 Stadtgemeinde und der Geſellſchaft vereinbarten
179 2296 1126 2343 Vertragsmuſter bis auf zwei Punkte. Es iſt die
176 2340 1126 2389 ſonſt vertraglich vereinbarte Verpflichtung in bezug
177 2386 1133 2433 auf die Größe der Wohnungen — Zimmeranzahl —
175 2430 1126 2475 und die Bebauungsfriſt des Grundſtücks in die
179 2474 1127 2522 Offerte nicht aufgenommen. Wir glauben, in
176 2518 1139 2562 dieſem Falle hiervon abſehen zu können. Der
176 2561 1122 2607 Erwerber des Grundſtücks iſt Eigentümer des
176 2605 1125 2649 Nachbargrundſtücks Bismarckſtraße 93. Das Ver⸗
177 2648 1124 2695 kaufsgrundſtück hat an der Bismarckſtraße eine
179 2692 1123 2740 Front von 16,92 m, die nicht ausreichend wäre,
177 2741 1124 2785 um es ohne Hofgemeinſchaft der Flächengröße
176 2783 1124 2829 entſprechend nach der bauordnungsmäßig zuläſſigen
174 2825 1123 2873 höchſten Ausnutzungsfähigkeit baulich zu verwerten.
176 2870 1124 2916 Der Verkauf an den Nachbarn und die beabſichtigte
175 2916 1123 2961 gemeinſame Bebauung beider Grundſtücke gewähr⸗
173 2957 1123 3005 leiſtet dieſen Ausbau und führt im Intereſſe des
175 3002 1124 3050 Erwerbers zur Innehaltung der ſonſt vertraglich
175 3048 1125 3094 vereinbarten Zimmeranzahl. Es iſt auch an⸗
173 3094 1123 3139 zunehmen, daß das Grundſtück bald bebaut wird,
174 3137 1124 3183 da die vereinbarte Zahlung des Reſtkaufgeldes
173 3179 1124 3226 bis 1. April 1913 hierzu ohne weiteres führen wird.
174 3223 1126 3271 Die übliche Faſſadenverpflichtung ſoll, da eine
1159 982 2106 1025 Bebauungsfriſt nicht vereinbart iſt, grundbuchlich
1157 1027 1537 1069 eingetragen werden.
1243 1071 2107 1114 Ein Plan, aus dem das früher Gellert'ſche
1159 1115 2107 1158 Grundſtück und ſein jetziger Reſtbeſtand erſichtlich
1154 1159 1947 1200 iſt, befindet ſich Blatt 25 des Heftes 393.
1243 1203 2108 1245 Wir bitten, im Beſchluß anzugeben, mit welcher
1155 1247 1832 1289 Mehrheit er zuſtande gekommen iſt.
1243 1309 1966 1351 Charlottenburg, den 11. Januar 1910.
1426 1371 1839 1413 Der Magiſtrat.
1244 1409 2020 1460 Matting. Bredtſchneider.
1498 1454 1748 1493 Dr. Maier.
1156 1496 1313 1543 IX E. 5.
1157 1697 1953 1738 Nr. 1700 des Notariatsregiſters pro 1909.
1533 1757 1736 1799 Verhandelt
1311 1802 1922 1844 Berlin, den 30. Dezember 1909.
1247 1863 1984 1906 Vor dem zu Berlin wohnhaften Notar
1263 1907 1761 1950 Juſtizrat Wilhelm Bading
1157 1952 1429 1993 erſchien heute:
1265 1995 2110 2039 der Kaufmann Herr Franz Eheſtädt zu Char⸗
1264 2039 1834 2081 lottenburg, Bismarckſtraße 30.
1245 2083 2111 2125 Die Perſönlichkeit des nicht bekannten Er⸗
1157 2127 2111 2171 ſchienenen iſt durch Vorlegung ſeiner Eiſenbahn⸗
1158 2172 2107 2217 Monatskarte zur Gewißheit des Notars feſtgeſtellt.
1266 2217 1738 2258 Der Erſchienene erklärte:
1243 2261 2110 2305 Ich mache der Stadtgemeinde Charlottenburg
1157 2304 1603 2346 folgendes Kaufangebot:
1599 2394 1667 2433 § 1.
1243 2436 2110 2481 Die Stadtgemeinde Charlottenburg verkauft
1156 2480 2110 2525 das zu Charlottenburg an der Bismarckſtraße
1154 2525 2111 2569 belegene Grundſtück, welches im Grundbuche von
1155 2568 2109 2612 Charlottenburg Band 21 Blatt 1170 verzeichnet iſt.
1241 2611 2109 2656 Die verkaufte Parzelle hat angeblich einen
1155 2655 1921 2697 Flächeninhalt von 65,56 Quardratruten.
1240 2699 2110 2745 Die Verkäuferin kommt für Größe, Güte und
1155 2743 2109 2791 Beſchaffenheit der verkauften Parzelle nicht auf.
1597 2835 1667 2873 § 2.
1242 2876 2110 2922 Der Kaufpreis iſt auf 121 280 ℳ feſtgeſetzt und
1153 2919 1576 2963 wird wie folgt belegt:
1241 2963 2111 3010 Käufer zahlt an die Stadtgemeinde Charlotten⸗
1152 3008 1854 3052 burg binnen einer Woche 12 280 ℳ.
1242 3052 2110 3097 Der Reſt des Kaufgeldes mit 109 000 ℳ wird
1154 3097 2111 3145 dem Käufer geſtundet. Der Käufer verpflichtet ſich,
1153 3141 2113 3185 das Reſtkaufgeld vom 1. Januar 1910 ab mit
1153 3184 2112 3229 jährlich 4%, in vierteljährlichen an den Kalender⸗
1155 3227 2110 3278 quartalserſten fälligen Nachtragsraten zu verzinſen.
