2405 3679
1258 181 1299 213 31
453 272 1126 354 Bisheriger Normal-Etat.
1484 282 2044 352 Neuer Normal-Etat.
849 455 1708 507 D. Beamte der Volksbibliothek.
398 546 992 591 Bisher gegen Diäten beſchäftigt:
354 599 1220 645 Ⅰ ſeit 1. 4. 98. 3000, ſeit 1. 4 99 3600 ℳ.
354 653 839 695 ⅠⅠ „ 1. 4. 98 2000 ℳ.
310 706 1119 752 ſollen vom 1. 4. 1900 ab angeſtellt werden.
1383 542 2254 587 Ⅰ. Bibliothekar. Anfangsgehalt 3600 ℳ. —
1293 587 2253 632 Höchſtgehalt 5400 ℳ. mit Steigungen nach folgender
1294 634 1411 668 Skala:
1293 686 2161 720 3600 3900 4200 4500 4800 5100 5400 ℳ.
1315 730 2230 774 nach 3 6 9 12 15 18 Jahren.
1381 792 2249 836 ⅠⅠ. Aſſiſtent. Anfangsgehalt 2400 ℳ. — Höchſt⸗
1292 837 2251 882 gehalt 4500 ℳ mit Steigungen nach folgender
1293 875 1409 918 Skala:
1293 918 2194 976 2400 2700 3000 3300, 3600, 3900, 4200, 4500 ℳ.
1294 981 2251 1023 nach 3 6 9 12 15 18 21 Jahren.
753 1116 1807 1168 E. Die Berufsbeamten der Feuerwehr.
1081 1188 1485 1226 Ⅰ. Der Branddirektor.
398 1251 1263 1295 Anfangsgehalt 4000 ℳ. — Höchſtgehalt 5700 ℳ.
311 1296 1014 1340 mit Steigungen nach folgender Skala:
308 1346 1182 1384 4000 4300 4600 4800 5100 5400 und 5700 ℳ.
321 1393 1263 1439 nach 2 4 6 9 12 15 Jahren.
427 1444 1171 1492 Gehalt während der Probezeit 3600 ℳ.
399 1501 1265 1545 Erhält außerdem freie Wohnung, Feuerung und
310 1545 1265 1589 Gasbeleuchtung im penſionsfähigen Werthe von
308 1589 1264 1635 660 ℳ., freies Leitungswaſſer und 300 ℳ. Kleidergeld.
1384 1249 2252 1292 Anfangsgehalt 4800 ℳ. — Höchſtgehalt 6300 ℳ.
1293 1293 2004 1336 mit Steigungen nach folgender Skala:
1320 1346 2145 1380 4800 5100 5400 5700 6000 6300 ℳ.
1328 1388 2232 1439 nach 3 6 9 12 15 Jahren.
1384 1445 2249 1488 Gehalt während der Probezeit 4200 ℳ. Außer⸗
1296 1490 2250 1533 dem Dienſtwohnung im Werthe von 800 ℳ. und
1295 1535 1662 1575 300 ℳ. Kleidergeld.
1078 1696 1477 1734 ⅠⅠ. Die Brandmeiſter.
398 1761 1264 1805 Anfangsgehalt 2700 ℳ. — Höchſtgehalt 4500 ℳ.
310 1806 1017 1849 mit Steigungen nach folgender Skala:
309 1859 1178 1893 2700 3000 3300 3600 3900 4200 4500 ℳ.
319 1903 1264 1948 nach 3 6 9 12 15 18 Jahren.
398 1956 1266 2001 Erhalten außerdem freie Wohnung, Feuerung
309 2002 1266 2046 und Gasbeleuchtung im penſionsfähigen Werthe
308 2046 1265 2090 von 432 ℳ., freies Leitungswaſſer und 300 ℳ.
309 2093 511 2135 Kleidergeld.
1379 1754 2259 1804 Anfangsgehalt 2800 ℳ. — Höchſtgehalt 4600 ℳ.
1295 1804 2001 1846 mit Steigungen nach folgender Skala:
1294 1851 2172 1892 2800 3100 3400 3700 4000 4300 4600 ℳ.
1305 1900 2252 1945 nach 3 6 9 12 15 18 Jahren.
1384 1953 2252 1999 Während des Probejahres 2500 ℳ. Außerdem
1295 1998 2252 2044 Dienſtwohnung im Werthe von 600 ℳ. und 300 ℳ.
1294 2046 1498 2088 Kleidergeld.
875 2186 1699 2230 ⅠⅠⅠ. Die Feldwebel und der Leitungsreviſor.
395 2250 1265 2296 Anfangsgehalt 1700 ℳ. — Höchſtgehalt 2800 ℳ.
311 2296 1016 2341 mit Steigungen nach folgender Skala:
378 2347 1171 2385 1700 1900 2050 2200 2350 ℳ.
384 2393 1255 2443 nach 3 6 9 12 Jahren,
535 2446 1010 2482 2500 2650 2800 ℳ.
385 2490 1103 2541 nach 15 18 21 Jahren.
400 2544 1266 2597 Die Feldwebel erhalten außerdem freie Wohnung,
311 2590 1266 2636 Feuerung und Gasbeleuchtung im penſionsfähigen
311 2634 1266 2679 Werthe von 300 ℳ., freies Leitungswaſſer und
310 2671 1266 2724 Dienſtkleider. (Die Stelle des Leitungsreviſors wird
310 2725 963 2768 vom 1. 4. 1900 ab neu geſchaffen.)
1384 2245 2257 2293 Anfangsgehalt 1800 ℳ. — Höchſtgehalt 3200 ℳ.
1295 2293 2004 2337 mit Steigungen nach folgender Skala:
1360 2346 2145 2381 1800 2000 2200 2400 2600 ℳ.
1362 2388 2231 2439 nach 3 6 9 12 Jahren,
1509 2443 2023 2479 2800 3000 3200 ℳ.
1362 2486 2101 2538 nach 15 18 21 Jahren,
1295 2542 2252 2587 während des Probejahres 1500 ℳ. Die Feldwebel
1295 2586 2251 2631 erhalten außerdem Dienſtwohnung im Werthe von
1294 2633 1780 2675 450 ℳ. und Dienſtkleider.
908 2840 1656 2892 F. Die techniſchen Beamten.
363 2929 1217 2976 Ⅰ. Der Stadtgeometer und der Baningenieur
311 2992 1268 3037 wie B Ⅰ; jedoch beträgt das Gehalt während der
311 3039 742 3082 Probezeit nur 3600 ℳ,
309 3093 429 3134 mithin
397 3131 1269 3187 Anfangsgehalt 4000 ℳ. — Höchſtgehalt 5700 ℳ.
313 3182 1026 3225 mit Steigungen nach folgender Skala:
312 3228 1203 3276 4000 4300 4600 4800 5100 5400 5700 ℳ.
313 3273 1269 3322 nach 2 4 6 9 12 15 Jahren.
1407 2923 2150 2975 Ⅰ. Der Vermeſſungs⸗Inſpektor und der
1583 2973 1950 3018 Stadtbauingenieur
1296 3019 1505 3062 wie zu B Ⅰ;
1298 3073 1411 3116 mithin
1368 3118 2258 3174 Anfangsgehalt 4500 ℳ. — Höchſtgehalt 6300 ℳ.
1299 3170 2004 3214 mit Steigungen nach folgender Skala:
1297 3218 2189 3264 4500 4800 5100 5400 5700 6000 6300 ℳ.
1299 3267 2256 3312 nach 3 6 9 12 15 18 Jahren.
1378 3320 2258 3365 Während der Probezeit beträgt das Gehalt nur
1293 3363 1453 3406 4200 ℳ.
