2322 3623
1116 233 1177 262 199
328 311 1122 359 Auf eine weitere Anfrage teilte der Herr
328 356 746 399 Magiſtratsvertreter mit,
380 401 1120 446 daß auswärtigen Kindern nur ausnahms⸗
380 445 1117 492 weiſe Schulgelderfreiheit gewährt wird.
379 489 1118 536 Die Entſcheidung hierüber treffe die De⸗
378 534 1038 581 putation für das höhere Schulweſen.
254 564 335 611 Über
165 619 1116 668 Abſchnitt 2 — Oberrealſchule Nr. 1 — Schul⸗
325 668 407 705 geld
272 711 334 746 und
164 753 1114 799 Abſchnitt 3 — Kaiſer Friedrich Schule Nr. 1
264 798 537 839 — Schulgeld
322 843 1114 889 wird die Beſchlußfaſſung bis zur letzten
322 886 644 929 Sitzung ausgeſetzt.
162 929 758 974 Abſchnitt 4 — Realſchule —
323 975 656 1018 wird angenommen.
252 1017 595 1061 Die Beratung über
272 1061 1121 1102 Abſchnitt 5 — Gymnaſium Nr. 1 —
325 1105 1119 1151 Schulgeld — wurde gleichfalls bis zur
320 1150 728 1194 letzten Sitzung vertagt.
254 1177 1116 1239 Über den Vertagungsantrag zu dieſer Nr. fand
164 1236 702 1282 namentliche Abſtimmung ſtatt.
254 1281 1117 1326 Für die Vertagung haben geſtimmt die
166 1325 1114 1371 Herren Ellenburg, Freund, Hildebrandt, Roſtock,
163 1370 1117 1413 Sachs, Dr. Schmidt, Ströhler und Weigert; gegen
164 1413 1115 1454 dieſelbe die Herren Becker, Buka, Holz, Otto,
163 1456 1116 1502 Paſche und Protze. Herr Hirſch hat ſich der Ab⸗
166 1501 517 1545 ſtimmung enthalten.
166 1545 861 1588 Abſchnitt 6 — Verſchiedenes —
325 1588 681 1632 wurde angenommen.
487 1634 795 1691 Kapitel ⅠⅠⅠ.
162 1694 1116 1742 Höhere Mädchenſchule, Bürgermädchenſchule
409 1738 869 1781 und Gemeindeſchulen.
542 1783 738 1826 Ausgabe.
374 1826 903 1871 Beſoldungs⸗Nachweiſung.
270 1870 1115 1916 Nr. A 2. Erhält Dienſtwohnung. Die Miets⸗
324 1914 1115 1957 entſchädigung von 1500 ℳ. fällt fort. Soll⸗
325 1959 1116 2002 betrag für 1903 nicht 7800 ℳ. ſondern
324 2002 497 2038 6300 ℳ.
269 2045 1115 2093 Nr. B 18. Statt „N N.“ iſt zu ſetzen „Rietz“.
325 2091 1116 2137 Dienſtalter 1. 4. 92. Sollbetrag für 1903
324 2135 911 2179 nicht 1100 ℳ. ſondern 1400 ℳ.
271 2176 1117 2227 Nr. C 14. Statt „Dr. Nugel“ iſt zu ſetzen
329 2224 478 2264 „N. N.“
326 2268 1120 2310 Die Alterszulage beträgt nicht 1000 ℳ.
323 2313 1117 2358 fondern 1125 ℳ.; der Sollbetrag für 1903
324 2356 1040 2401 erhöht ſich von 4150 ℳ. auf 4275 ℳ.
265 2409 1118 2456 Nr. Cc. 242 wird 245. Dienſtalter nicht
321 2455 1119 2502 1. 7. 93. ſondern 1. 1. 94. Alterszulage
326 2498 1118 2543 ſtatt 437,50 ℳ. 312,50 ℳ. Der Sollbetrag
324 2542 1119 2586 für 1903 ermäßigt ſich von 2337,50 ℳ.
328 2587 616 2631 auf 2212,50 ℳ.
273 2640 785 2676 Nr. Cc 243 wird Nr. 242.
298 2690 784 2728 „ „ 244 „ „ 243.
298 2735 784 2771 „ „ 245 „ „ 244.
268 2774 1116 2816 Nr. Cc 294 Statt N. N. iſt zu ſetzen „Neubert.“
327 2820 1119 2860 Dienſtalter 1. 7. 99. Grundgehalt ermäßigt
327 2863 1119 2904 ſich von 1250 ℳ. auf 1238,88 ℳ. Die
326 2908 1120 2950 Alterszulage von 1125 ℳ. fällt fort. Die
329 2953 1121 2999 Mietsentſchädigung beträgt nicht 650 ℳ.
324 2997 1120 3044 ſondern 641,11 ℳ. Der Sollbetrag für
328 3043 1121 3087 1903 ermäßigt ſich von 3025 ℳ. auf
329 3089 557 3126 1879,99 ℳ.
271 3137 1121 3185 Nr. Cc 295. Statt N. N. iſt zu ſetzen
325 3182 1121 3228 „Lecus.“ Dienſtalter 1. 10. 91. Die Alters⸗
325 3224 1126 3273 zulage beträgt nicht 1125 ℳ. ſondern 500 ℳ.
325 3271 1120 3320 Sollbetrag für 1903 ermäßigt ſich von
322 3318 741 3362 3025 ℳ. auf 2400 ℳ.
269 3358 1121 3409 Nr. Cc 296. Statt „N. N.“ iſt zu ſetzen
1331 316 2137 356 „Bruns“. Dienſtalter 1. 7. 98. Die
1335 360 2137 404 Alterszulage von 1125 ℳ fällt fort; der
1335 405 2137 448 Sollbetrag für 1903 ändert ſich dement⸗
1333 446 2006 493 ſprechend von 3025 ℳ. in 1900 ℳ
1254 494 2138 533 Nr. Cc 297. Statt „N. N.“ iſt zu ſetzen
1306 537 2137 581 „Stielow“. Dienſtalter 1. 10. 88. Alters⸗
1306 581 2139 627 zulage nicht 1125 ℳ., ſondern 750 ℳ. Der
1306 625 2138 670 Sollbetrag für 1903 ermäßigt ſich von 3025 ℳ.
1306 671 1543 711 auf 2650 ℳ.
1252 714 2136 758 Nr. Cc 298. Statt „N. N.“ iſt zu ſetzen
1305 759 2136 802 „Czirſon“. Dienſtalter 1. 1. 92. Die Alters⸗
1302 803 2136 843 zulage ermäßigt ſich von 2125 ℳ. auf 500 ℳ;
1306 846 2136 889 der Sollbetrag für 1903 von 3025 ℳ. auf
1305 891 1474 927 2400 ℳ.
1253 935 2136 979 Nr. Cc 299. Statt „N. N.“ iſt zu ſetzen
1306 978 2136 1021 „Thie“. Dienſtalter 1. 7. 95. Es ermäßigen
1309 1022 2134 1066 ſich die Alterszulage von 1125 ℳ. auf 250 ℳ.
1309 1065 2137 1109 der Sollbetrag für 1903 von 3025 auf
1308 1110 1475 1143 2150 ℳ.
1255 1152 2136 1198 Nr. Cc 300. Statt „N. N.“ iſt zu ſetzen
1309 1197 2136 1239 „Belitz“. Dienſtalter 1. 1. 98. Die Alters⸗
1305 1242 2138 1286 zulage von 1125 ℳ. iſt zu ſtreichen; der
1307 1286 2138 1332 Sollbetrag von 3025 ℳ. auf 1900 ℳ herab⸗
1308 1331 1445 1372 zuſetzen.
1253 1374 2138 1420 Nr. Cc 301. Statt „N. N.“ iſt zu ſetzen
1310 1418 2139 1460 „Rudolph“. Dienſtalter 1. 4. 99. Die Alters⸗
1306 1463 2140 1506 zulage von 1125 ℳ iſt zu ſtreichen, der
1308 1505 2138 1551 Sollbetrag für 1903 von 3025 auf 1900 ℳ
1306 1551 1537 1594 herabzuſetzen.
1254 1595 2140 1642 Nr. Cc 302. Statt „N. N.“ iſt zu ſetzen
1307 1638 2140 1680 „Michelchen“. Dienſtalter 1. 10. 98. Das
1308 1682 2136 1726 Grundgehalt iſt von 1250 ℳ auf 937,50 ℳ
1306 1727 2141 1772 herabzuſetzen, die Alterszulage von 1125 ℳ.
1305 1771 2138 1819 zu ſtreichen. Die Mietsentſchädigung ermäßigt
1307 1815 2138 1857 ſich von 650 ℳ auf 487,50 ℳ. Der Soll⸗
1306 1859 2137 1908 betrag für 1903 beträgt nicht 3025 ℳ. ſondern
1308 1903 1471 1941 1425 ℳ.
1253 1947 2136 1996 Nr. Cd 82. Das Grundgehalt ermäßigt ſich
1306 1993 2139 2040 von 1150 ℳ auf 920 ℳ, der Sollbetrag für
1309 2036 1942 2079 1903 von 1600 ℳ auf 1370 ℳ.
1252 2079 2142 2130 Nr. Cd 83. Das Grundgehalt beträgt nicht
1308 2124 2140 2175 920 ℳ, ſondern 1150 ℳ. Der Sollbetrag
1306 2169 2139 2216 für 1903 erhöht ſich von 1370 auf 1600 ℳ.
1252 2211 2141 2260 Nr. Ce 10. Das Dienſtalter ändert ſich vom
1308 2258 2141 2307 1. 7. 96 in 1. 4. 96. Die Alterszulage er⸗
1306 2299 2140 2346 höht ſich von 75 ℳ. auf 100 ℳ. der Soll⸗
1307 2345 2144 2391 betrag für 1903 demzufolge von 1325 ℳ.
1308 2389 1551 2427 auf 1350 ℳ.
1254 2432 2138 2486 Nr. Ce 11. Als Dienſtalter ſtatt 1. 1. 97 zu
1308 2478 2139 2529 ſetzen 1. 7. 96. Die Alterszulage beträgt
1307 2521 2138 2571 ſtatt 25 „75“ ℳ. Der Sollbetrag für 1903
1307 2565 2037 2612 erhöht ſich von 1275 ℳ. auf 1325 ℳ.
1255 2609 2140 2662 Nr. Ce 12. Das Dienſtalter 1. 4. 98 iſt zu
1309 2654 2139 2706 ändern in 1. 1. 97. Als Alterszulage ſind
1310 2700 2140 2750 25 ℳ einzuſetzen. Der Sollbetrag erhöht
1310 2744 2100 2790 ſich demgemäß von 1250 ℳ auf 1275 ℳ.
1254 2787 2140 2838 Nr. Ce 13. Dienſtalter 1. 7. 98 zu ändern
1308 2832 1531 2866 in 1. 4. 98.
1248 2875 2140 2926 Nr. Ce 14. Statt Hufe zu ſetzen „N. N.“
1308 2921 2136 2972 Das Dienſtalter 1. 7. 98 iſt zu ſtreichen.
1309 2965 2140 3018 Unter „Alterszulage“ ſind 450 ℳ. einzuſetzen,
1309 3010 2142 3061 der Sollbetrag erhöht ſich von 1250 ℳ auf
1312 3057 1487 3092 1700 ℳ.
1256 3097 2141 3153 Nr. Ce 15. Das Dienſtalter 1. 4. 99 iſt zu
1310 3143 1677 3181 ändern in 1. 7. 98.
1283 3187 2144 3243 Nr. Ce 19. Statt „Seyffert“ iſt zu ſetzen
1339 3233 2144 3286 „N. N.“, das Dienſtalter 1. 1. 00 zu ſtreichen
1339 3280 2147 3331 und als Alterszulage 450 ℳ. einzuſtellen.
1337 3323 2144 3375 Der Sollbetrag für 1903 erhöht ſich von
1342 3369 1761 3409 1250 ℳ. auf 1700 ℳ
