2254 3555
1095 130 1136 161 28
412 233 1957 272 Hiervon iſt nach dem Gemeindebeſchluſſe vom 29. März 1906 der Betrag von 1 Million Mark in den
273 264 1960 307 Etat des nächſtfolgenden Rechnungsjahres, d. i. 1909, einzuſtellen. Von dem Mehrbetrage werden 254 000 ℳ
272 303 1955 340 im laufenden Rechnungsjahre zu Straßenpflaſterungen verwendet. Der verbleibende Reſt von 110 872,78 ℳ
274 337 1959 374 wäre nach dem vorerwähnten Gemeindebeſchluſſe dem Ausgleichsfonds zuzuführen. Dies iſt jedoch mit Rück⸗
272 371 1956 409 ſicht darauf, daß dem Etat für 1908 bei Kapitel 1 Abſchnitt 5 Nr. 2 aus Mitteln des Ausgleichsfonds 367 000 ℳ
271 407 1959 445 zu erſtatten ſind, unterblieben. Der Betrag von 110 872,78 ℳ iſt daher bei der vorbezeichneten Etatsnummer
271 441 1956 480 vereinnahmt worden. Stellt man das rechnungsmäßige Soll der Einnahme, d. h. der Iſteinnahme einſchl.
269 669 1957 706 zurückbleibt. Dies erklärt ſich daraus, daß bei der Etatsaufſtellung für 1907 die Einnahmen aus den Überſchüſſen
271 704 1957 744 der Sonderverwaltungen und den Gemeindeſteuern bereits entſprechend höher veranſchlagt worden ſind. Ein
270 744 1236 781 Rückgang in der Steigung der Einnahmen iſt nicht eingetreten.
410 777 1955 816 Der trotzdem günſtige Abſchluß des Ordinariums des Hauptetats iſt hauptſächlich auf die größeren
269 813 1955 852 Erträge der Gaswerke (216 000 ℳ), der Zinſen von vorübergehend belegten Beſtänden der Stadthauptkaſſe
269 848 1955 885 (108 000 ℳ) und der geſamten Gemeindeſteuern (972 000 ℳ), ſowie auf eine Erſparnis bei den Koſten für die
269 885 1157 918 elektriſche Straßenbeleuchtung (93 000 ℳ) zurückzuführen.
410 915 1953 952 Wie ſich der Überſchuß im einzelnen zuſammenſetzt, geht aus der beigefügten Überſicht, insbeſondere
269 951 1954 987 deren Spalten 14 und 15, hervor. Danach ſind Zuſchüſſe bei den Kapiteln Ⅴ, ⅤⅠⅠ, ⅤⅠⅠⅠ, ⅠⅩ, ⅩⅠⅠⅠ und ⅩⅠⅤ
269 985 1815 1025 erforderlich geweſen, während die übrigen 9 Kapitel und die Reſtverwaltung Überſchüſſe aufweiſen.
409 1031 1955 1070 Die Reſtverwaltung verdankt ihren Überſchuß den Erſparniſſen beim Straßenbau in Höhe
268 1068 1955 1106 von rund 57 650 ℳ bzw. 45 850 ℳ = 103 500 ℳ. Dieſen Erſparniſſen ſtehen geringe Mindereinnahmen beim
267 1102 1954 1141 Armenweſen, bei den Krankenanſtalten und den Gemeindeſteuern entgegen, ſo daß ſich noch ein Überſchuß von
267 1143 571 1175 80 728,77 ℳ ergibt.
410 1179 1955 1217 Kapitel Ⅰ. (Allgemeine Verwaltung). Die Mehreinnahmen erklären ſich aus den größeren
272 1214 1953 1251 Überſchüſſen der Gaswerke und des Elektrizitätswerkes, die den Etatsanſchlag um 216 402,30 ℳ. bzw.
267 1248 1954 1287 37 741,34 ℳ, zuſammen 254 143,64 ℳ überſchreiten. Aus dem Betriebe der Ladeſtraßenverwaltung
267 1284 1954 1325 iſt ein Überſchuß nicht erzielt worden. Der im Etat vorgeſehene Betrag von 17 000 ℳ, mußte daher in Abgang
267 1320 1960 1362 geſtellt werden. Der Überſchuß der Waſſerwerke iſt um 25 958,50 ℳ. hinter dem Etatsſoll von 50 000
266 1364 498 1398 zurückgeblieben.
407 1394 1953 1431 Die Minderausgaben bei den fortdauernden Ausgaben ſind in der Hauptſache durch die Inabgang⸗
267 1427 1954 1465 ſtellung nachbewilligter Beträge aus dem Dispoſitionsfonds bedingt. Dazu kommen Erſparniſſe bei den Be⸗
266 1461 1953 1499 ſoldungen, den Zulagen, Vergütungen und Löhnen, bei der Witwen⸗ und Waiſenverſorgung, beim Ruhelohn
265 1495 1954 1532 und der Hinterbliebenenverſorgung der ſtädtiſchen Arbeiter und Angeſtellten, bei den Bedürfniſſen der Stadt⸗
265 1532 1038 1568 verordnetenverſammlung und bei „Verſchiedenes“.
406 1565 1954 1606 Der Zugang bei den einmaligen Ausgaben iſt durch Mehraufwendungen bei der Gewährung von
265 1601 1590 1643 Teuerungszulagen und durch den Beſuch der Londoner Stadtvertreter hervorgerufen.
407 1646 1952 1686 Kapitel ⅠⅠ. (Höhere Lehranſtalten). Der Überſchuß von 19 662,25 ℳ iſt hauptſächlich durch
264 1683 1649 1720 Mehreinnahmen an Schulgeld und durch Erſparniſſe bei den Beſoldungen erzielt worden.
406 1724 1954 1762 Kapitel ⅠⅠⅠ. (Höhere Mädchenſchulen, Bürgermädchenſchule und Gemeindeſchulen). Die
264 1758 1954 1795 Mindereinnahmen ſind darauf zurückzuführen, daß an Alterszulagen der Lehrer 31 794,76 ℳ weniger erſtattet
265 1792 1953 1831 wurden, als im Etat vorgeſehen waren. Dagegen wurden an Schulgeld an den höheren Mädchenſchulen im
265 1833 949 1868 ganzen rund 17 000 ℳ mehr eingenommen.
404 1862 1951 1904 Die Minderausgaben bei den fortdauernden Ausgaben von rund 108 000 ℳ ſind hauptſächlich durch
264 1899 1953 1940 Erſparniſſe bei den Ausgaben für Beſoldungen, insbeſondere bei den Gemeinde⸗ und Hilfsſchulen, Erſparungen
263 1936 1952 1976 bei den Anſätzen für perſönliche Ausgaben, Unterrichtsmittel und Verſchiedenes und durch geringere Beiträge
263 1977 810 2011 zur Ruhegehaltskaſſe hervorgerufen.
404 2002 1962 2043 Die Mehrausgabe der einmaligen Ausgaben iſt durch die nachträgliche Weiterbewilligung der Teuerungs⸗
262 2039 1693 2078 zulagen und die Bewilligung der Koſten für die Einrichtung der Schulzahnklinik entſtanden.
406 2081 1951 2121 Kapitel ⅠⅤ. (Fortbildungsſchulen). Obwohl die Fortbildungsſchulen für Mädchen eine Mehr⸗
264 2115 1952 2158 einnahme von zuſammen 1460 ℳ aufzuweiſen haben, bleibt die Geſamteinnahme doch hinter dem Etat zu⸗
263 2151 1951 2193 rück, weil die Staatszuſchüſſe für die Kunſtgewerbe⸗ und Handwerkerſchule um 1751,18 ℳ und für die gewerb⸗
262 2187 1951 2230 liche und kaufmänniſche Fortbildungsſchule für männliche Perſonen um 1250 ℳ geringer ſind, als ſie im
264 2233 623 2266 Etat vorgeſehen waren.
404 2268 1950 2308 Kapitel Ⅴ. (Armenweſen.) Die Mehreinnahmen von 37 687,53 ℳ rühren von höheren Erſtattungen
263 2302 1950 2342 der Berufsgenoſſenſchaften und der Landesverſicherungsanſtalten bei den Armenpflegekoſten und von ſonſtigen
264 2336 1950 2375 Verpflichteten für Rechnung des Bürgerhauſes her. Ihnen ſtehen aber auch fortdauernde Mehrausgaben in Höhe
262 2369 1948 2411 von 42 229,30 ℳ gegenüber, die hauptſächlich bei den Anſätzen betreffend Pflegegelder für Kinder in Anſtalten,
263 2403 1948 2448 beſonders aber für ſolche in Familienverpflegung in Charlottenburg ſowie beim Abſchnitt „Krankenpflege“
263 2450 498 2485 entſtanden ſind.
403 2486 1950 2529 Kapitel ⅤⅠ (Krankenanſtalten) weiſt zwar weſentlich höhere Rückerſtattungen an Kur⸗ und Ver⸗
261 2519 1949 2564 pflegungsgeldern von ſonſtigen Verpflichteten und Mehreinnahmen bei den Poſten „Dienſtbotenabonnements⸗
261 2557 1949 2599 beiträge“ und „Verſchiedenes“ in Höhe von 14 559,93 ℳ auf, doch bleiben die Erſtattungen von Armenverbänden
260 2591 1949 2631 um 9354,29 ℳ, von Krankenkaſſen um 5235,99 ℳ, vom Abonnementsverein von Dienſtherrſchaften für kranke
261 2624 1950 2665 Dienſtboten zu Berlin um 6795,50 ℳ und von Berufsgenoſſenſchaften um 5368,74 ℳ, zuſammen um 26 754,52 ℳ
261 2660 1781 2703 hinter dem Etatsſoll zurück, ſo daß ſich zuſammen eine Mindereinnahme von 12 194,59 ℳ ergibt.
404 2693 1948 2737 Von den in Höhe von 27 971,29 ℳ erzielten Erſparniſſen bei den laufenden Ausgaben entfallen
262 2729 1949 2773 19 832,91 ℳ auf das Krankenhaus Weſtend und 8138,38 ℳ auf das Krankenhaus Kirchſtraße. Die Erſparniſſe
261 2764 1949 2810 ſind allgemein bei den Etatsnummern für Beſoldung, Gehälter und Löhne und Verpflegung ſowie beim Waſſer⸗
260 2810 1010 2844 verbrauch im Krankenhauſe Weſtend eingetreten.
403 2836 1948 2879 Bei den einmaligen Ausgaben ſind geringe Mehrausgaben bei den Anſätzen für Neupflaſterung und
260 2870 1948 2914 Aſphaltierung von Wegen auf dem Gelände des neuen Krankenhauſes, bei der Beſchaffung eines zweiten Hoch⸗
260 2904 1842 2947 druckdampfkeſſels für das Krankenhaus Kirchſtraße und beim Abſchnitt „Teuerungszulagen“ erwachſen.
401 2947 1947 2992 Beim Kapitel ⅤⅠⅠ (Hochbau) ſind 3069,32 ℳ gegen den Etat weniger vereinnahmt worden. Die
259 2983 1948 3027 Mindereinnahmen haben ihren Grund in den geringeren Erſtattungen ſeitens der Neubaufonds (für Schreib⸗
259 3019 1947 3064 hilfe), des Wirtes des Rathauskellers für verbrauchte Elektrizität und der beim Grundſtückserwerbsfonds ver⸗
260 3055 1948 3100 walteten Grundſtücke für bauliche Unterhaltung uſw., obwohl ihnen bei den Erſtattungen vom Neubaufonds für
259 3099 1145 3135 techniſche Hilfe ein Mehr von 8504,88 ℳ gegenüberſteht.
400 3126 1948 3168 Die erhebliche Mehrausgabe von 132 652,38 ℳ verteilt ſich auf die fortdauernden Ausgaben mit
261 3161 1947 3202 14 238,51 ℳ und auf die einmaligen Ausgaben mit 118 413,87 ℳ. Bei den fortdauernden Ausgaben ſind an
259 3195 1946 3238 den Überſchreitungen beſonders die Abſchnitte für perſönliche Ausgaben (techniſche Hilfe und Teuerungs⸗
258 3228 1947 3273 zulagen), bauliche Unterhaltung, Unterhaltung der Möbel und Geräte, ſowie Beleuchtung einſchließlich elek⸗
258 3271 919 3309 triſcher Kraft für Fahrſtühle uſw. beteiligt.
271 479 633 512 der Reſte, in Höhe von
271 512 753 553 dem der Ausgabe in Höhe von
271 560 1465 595 gegenüber, ſo ergibt ſich gleichfalls der vorberechnete Verwaltungsüberſchuß von
270 594 1151 630 der gegen den Überſchuß des Vorjahres — 1906 — von
270 643 323 666 um
1703 478 1955 512 25 563 542,31 ℳ
1703 513 1954 547 24 198 669,53 „
1721 559 1954 587 1 364 872,78 ℳ
1719 588 1943 623 1 782 727,51 „
1746 631 1954 666 417 854,73 ℳ
