2405 3679
1160 147 1222 179 128
315 253 1176 298 Poſ. 2. – Waſſerverbrauch auf den Schul⸗
314 298 1176 343 grundſtücken – ermäßigt von 10 800 ℳ. auf
314 344 489 380 9 100 ℳ
226 386 1175 430 Titel 8. Poſ. 11. – Fahrräderreparaturen – er⸗
314 429 941 476 mäßigt von 1000 ℳ. auf 500 ℳ.
312 476 1173 519 Poſ. 13. – Insgemein – ermäßigt von
312 520 712 566 1400 ℳ. auf 800 ℳ.
224 565 1172 609 Titel 9. – Herſtellung von elektriſchen Läutewerken
310 605 1172 656 in den Gemeindeſchulen I und II, Peſtalozzi
312 654 1173 696 Straße 89/90, Gemeindeſchule XII, Sophie
311 697 1173 739 Charlotten Straße 69/70 und Gemeindeſchule
310 742 1174 785 XIV, Peſtalozzi Straße 40 – 640 ℳ. ſind zu
314 788 461 827 ſtreichen.
222 831 1171 874 Titel 19. – Nachſchleifen der Ventile an den
308 876 1171 920 Heine⸗Keſſeln der ſtädtiſchen Centralheizungen
304 920 1018 963 – ermäßigt von 850 ℳ. auf 400 ℳ.
220 965 1170 1007 Titel 22. – Bau einer Turnhalle für die höhere
308 1009 1170 1052 Mädchenſchule, Rückerſtattung an die Anleihe
306 1054 1050 1096 von 1899 – 27 625,01 ℳ zu ſtreichen.
475 1118 932 1161 Einnahme. Seite 14.
220 1162 1170 1204 Titel 1. Poſ. 1. – Von der ſtädtiſchen Sparkaſſe
305 1207 1170 1249 für Heizung und Beleuchtung der Geſchäfts⸗
304 1251 1171 1293 räume Spree Straße 16 – von 450 ℳ. erhöht
304 1297 519 1337 auf 600 ℳ.
304 1339 1169 1383 Poſ. 2. – Von der ſtädtiſchen Sparkaſſe I. Rate
304 1384 1170 1428 der für den Anbau eines Seitenflügels an das
305 1430 1170 1473 Sparkaſſengebäude Spree Straße 16 entſtandenen
304 1474 898 1516 Koſten – 1200 ℳ. zu ſtreichen.
303 1519 1169 1561 Poſ. 3. – Erlös für verkaufte Baumaterialien
303 1563 920 1606 erhöht von 300 ℳ. auf 4000 ℳ
575 1635 808 1686 Kapitel V.
256 1689 1122 1733 Berichterſtatter die Herren Ströhler und Heiſe.
269 1751 1111 1794 A. Fortdauernde Ausgaben. Seite 111.
214 1813 1168 1865 Titel 1. Poſ. 1. – Techniſche Hilfe – wird von
304 1859 991 1902 10 000 ℳ. herabgeſetzt auf 9320 ℳ.
214 1911 1168 1954 Titel 1. Poſ. 3. Löhne der Kämmereiarbeiter und
301 1955 1168 1999 Steinſetzer – erhöht von 9500 ℳ. auf 9900 ℳ.
371 2002 1169 2045 Die Erläuterung zu dieſer Poſition iſt wie
301 2046 611 2088 folgt abzuändern.
301 2095 1168 2147 Zu Poſ. 3. Wegen der Beiträge zur Kranken⸗ und
371 2137 1166 2187 Invaliditätsverſicherung vergl. Titel 1. Poſ. 4.
214 2804 1165 2850 Titel 2. Poſ. 1a. – Unterhaltung der gepflaſterten
302 2851 1164 2894 und chauſſirten Straßen, ſowie der öffentlichen
301 2894 1166 2940 Wege – von 70 000 ℳ. herabgeſetzt auf
302 2940 486 2974 60 000 ℳ.
214 2982 1166 3028 Titel 5. Poſ. 1. – Unterhaltung der Brücken –
304 3030 960 3074 von 2 500 ℳ. erhöht auf 3250 ℳ.
428 3098 948 3145 B. Einmalige Ausgaben.
303 3152 599 3197 Es iſt beantragt
303 3195 1162 3243 den Magiſtrat zu erſuchen, in Erwägung zu
304 3239 1164 3286 ziehen, ob nicht bei Neuregulirung von Straßen
305 3283 1165 3328 diejenigen Betheiligten, welche aus der
305 3327 1164 3377 Regulirung einen beſonderen Vortheil erlangen,
1294 252 2156 297 auf Grund des Kommunalabgabengeſetzes zu
1294 297 2154 341 einer beſonderen Gemeindeabgabe heran⸗
1292 343 1538 385 zuziehen ſind.
1206 385 2154 428 Titel 10. Für Neupflaſterung der Leibniz Straße
1292 429 2155 474 zwiſchen Berliner⸗ und Kant Straße werden
1291 474 1828 517 die beantragten 270 000 ℳ.
1283 519 2155 564 unter der Bedingung bewilligt, daß bei der
1292 564 2157 608 Neupflaſterung dieſer Straße gleichzeitig die
1293 609 2153 652 Schienen für eine Straßenbahn eingelegt werden.
1203 653 2156 696 Titel 16 ſoll lauten „Neupflaſterung der Ansbacher
1309 697 2156 740 Straße zwiſchen der Tauenzien⸗ und Augs⸗
1308 742 2157 786 burger Straße mit Asphalt“ und wird erhöht
1308 787 1879 830 von 17 300 ℳ. auf 64 000 ℳ.
1203 830 2156 875 Titel 17 ſoll lauten „Neupflaſterung der Bayreuther
1309 876 2155 920 Straße zwiſchen Kleiſt Straße und Augsburger
1308 921 2155 962 Straße mit Asphalt“ und wird erhöht von
1309 964 1792 1007 17 300 ℳ. auf 64 000 ℳ.
1199 1010 2155 1053 Titel 18. – Neupflaſterung der Grolman Straße
1306 1054 2155 1098 zwiſchen Schiller⸗ bezw. Schlüter Straße und
1306 1098 2163 1143 dem ſüdlichen Pflaſteranſchluß mit Asphalt –
1306 1146 1476 1190 geſtrichen.
1199 1190 1662 1225 Titel 19 wird Titel 18.
1200 1233 2155 1276 Titel 20. – Neupflaſterung der Cauer Straße
1307 1277 2157 1321 zwiſchen Berliner⸗ und Fraunhofer Straße mit
1306 1323 1706 1366 Asphalt – geſtrichen.
1200 1368 1658 1403 Titel 21 wird Titel 19.
1200 1413 1658 1448 Titel 22 wird Titel 20.
1200 1456 2156 1500 Titel 23. – Herſtellung eines Verbindungsweges
1306 1500 2156 1544 in der Verlängerung der Faſanen Straße zwiſchen
1306 1544 2155 1588 Kurfürſten Allee und Garten Ufer einſchließlich
1307 1589 2151 1634 Entwäſſerung und Beleuchtung wird Titel 21
1305 1633 2155 1678 und von 48 150 ℳ. ermäßigt auf 42 800 ℳ.
1198 1679 2156 1722 Titel 24. – Neupflaſterung der Eislebener Straße
1306 1723 2156 1768 zwiſchen Nürnberger Straße und dem weſtlichen
1305 1768 2162 1813 definitiven Pflaſteranſchluß mit Asphalt –
1303 1815 1578 1858 wird geſtrichen.
1198 1859 1661 1894 Titel 25 wird Titel 22.
1198 1903 1657 1939 Titel 26 wird Titel 23.
1445 1983 1911 2027 Neu einzuſtellen ſind:
1199 2031 2163 2081 Titel 24. Regulirung der Straße 7b Abth. V
1305 2080 2154 2124 und der Straße 7a zwiſchen Kaiſer Friedrich
1307 2124 1978 2168 Straße und Straße 7b : 52 000 ℳ.
1198 2169 2156 2214 Titel 25. Neupflaſterung der Gardes du Corps
1306 2214 2155 2260 Straße zwiſchen Danckelmann Straße und
1303 2259 2155 2305 Sophie Charlotten Straße mit Asphalt 41 000 ℳ.
1197 2303 2156 2349 Titel 26. Neupflaſterung der Uhland Straße zwiſchen
1302 2348 2154 2392 Kurfürſtendamm und Gemarkungsgrenze mit
1303 2394 1658 2439 Asphalt 40 800 ℳ.
1197 2436 2155 2483 Titel 27. Neupflaſterung der Potsdamer Straße
1304 2481 2153 2527 zwiſchen Schloß⸗ und Nehring Straße mit
1302 2529 1652 2573 Asphalt 27 600 ℳ.
1197 2571 2154 2617 Titel 28. Neupflaſterung der Kielgan Straße mit
1302 2617 1807 2663 Kleinſteinpflaſter 10 400 ℳ.
1355 2660 2153 2706 Zu den vorliegenden Petitionen wird der
1303 2705 2084 2750 Stadtverordneten⸗Verſammlung empfohlen:
1299 2749 2153 2796 1. Die Petition des Vereins der weſtlichen
1355 2795 2152 2841 Stadttheile Charlottenburgs um Durch⸗
1354 2839 2153 2887 legung der Kaiſer Friedrich Straße nach
1354 2884 2154 2928 der Berliner Straße und Einſtellung der
1353 2928 2150 2974 erforderlichen Mittel in den Etat 1900
1353 2974 2151 3020 dem Magiſtrat als Material zu überweiſen.
1297 3019 2153 3065 2. Für den Fall, daß die Anlieger der Kant
1353 3064 2152 3110 Straße zwiſchen Schlüter⸗ und Leibniz
1355 3109 2152 3155 Straße ſich bereit erklären, das geſammte
1353 3153 2151 3201 Straßenland bis zum 1. September 1900
1351 3198 2150 3244 unentgeltlich und koſtenfrei an die Stadt⸗
1352 3243 2151 3287 gemeinde Charlottenburg aufzulaſſen, die
1352 3288 2151 3333 Mittel zur Regulirung dieſer Straßen⸗
1353 3332 2152 3377 ſtrecke in den Etat für das Rechnungsjahr
371 2198 601 2237 2 Steinſetzer
373 2244 599 2284 1 Steinſetzer
374 2284 599 2330 1 Steinſetzer
374 2333 599 2372 1 Steinſetzer
374 2376 598 2417 1 Steinſetzer
375 2417 655 2463 1 Zimmermann
375 2467 692 2509 1 Colonnenführer
711 2197 914 2232 à 1320 ℳ.
755 2243 913 2277 1260 ℳ.
756 2289 912 2322 1200 ℳ.
755 2333 913 2367 1180 ℳ.
755 2376 914 2411 1140 ℳ.
755 2420 919 2457 1140 ℳ.
756 2467 919 2503 1320 ℳ.
371 2521 955 2564 Hierzu nach Maßgabe des Ma⸗
301 2561 954 2610 giſtratsbeſchlnſſes vom 28. Dezember
305 2609 954 2653 1894/7. Januar 1895 zu gewährende
302 2654 953 2697 Vergütung für etwaige Ueber⸗
301 2695 503 2740 ſtunden rd.
1005 2197 1167 2233 2640 ℳ.
1008 2243 1164 2277 1260 ℳ.
1008 2290 1170 2327 1200 ℳ.
1008 2332 1166 2368 1180 ℳ.
1007 2377 1165 2411 1140 ℳ.
1008 2421 1166 2456 1140 ℳ.
990 2467 1168 2504 1320 ℳ.
1049 2700 1167 2736 20 ℳ
817 2750 1168 2788 Summa 9900 ℳ.
