2346 3605
1179 157 1240 184 777
231 239 1191 300 teilung II am Schluſſe des Rechnungsjahres 1902
244 284 1195 339 118277,89 ℳ. nachgewieſen, gegen 45720,28 ℳ im
241 325 1195 390 Vorjahre. In dem Kaſſenbarbeſtande – Ab⸗
240 374 1195 429 teilung III –, welcher ſich von 304396,14 ℳ. auf
240 417 1195 472 606440,82 ℳ, mithin um 302044,68 ℳ. erhöht hat,
239 463 1196 518 ſind auch die von den Gasabnehmern beſtellten Sicher⸗
238 509 1122 563 heiten im Betrage von 241894,54 ℳ. enthalten.
326 552 1198 604 Der Abgang bei der Abteilung IV „Aus⸗
238 592 1200 651 ſtehende Einnahmereſte am Jahresſchluß“ ergibt ſich
235 643 1197 693 aus dem Vergleich des Jahresabſchluſſes für 1902
229 687 1199 734 mit dem für 1901. Ebenſo war am Schluſſe des
240 731 1199 784 Rechnungsjahres 1902 bei der Abteilung V ein
238 773 1197 824 um 153547,28 ℳ. niedrigerer Beſtand an Materialien,
242 820 1200 870 Naturalien uſw. gegen das Vorjahr vorhanden. Als
243 862 1200 918 Abgang bei den Werten des Mobiliars, Inventars
238 910 1201 961 – Abteilung VI – werden neben der prozentualen
230 957 1201 1007 Abſchreibung auf Apparate, Maſchinen uſw. von
245 997 1204 1046 500020,09 ℳ. bei dem Neubaukonto der Gasanſtalt II
243 1046 1201 1094 noch 245173,59 ℳ. Koſten für diejenigen Bauten,
243 1089 1201 1140 welche im Laufe des Rechnungsjahres fertig geſtellt
228 1134 1203 1184 und auf das Gebäude⸗, Apparate⸗ und Maſchinen⸗
244 1178 1203 1230 uſw. Konto endgültig verbucht worden ſind, nachge⸗
245 1226 1203 1275 wieſen. Den Abgängen der Abteilung VI von zu⸗
245 1269 1203 1320 ſammen 745193,68 ℳ. ſtehen Zugänge im Betrage
246 1316 779 1361 von 608697,70 ℳ. gegenüber.
427 1381 1026 1431 II. Das Stiftungsvermögen.
338 1429 1205 1478 Die Zugänge beim Stiftungsvermögen betragen
250 1470 1204 1526 bei Abteilung I „Grundbeſitz“ 16869,– ℳ., bei der
247 1519 1207 1570 Abteilung II „Ausſtehende Kapitalien“ 10268,54 ℳ.
228 1564 1206 1616 und bei der Abteilung III „Kaſſenbarbeſtände am
232 1605 1207 1661 Jahresſchluß“ 4391,18 ℳ, zuſammen 31528,72 ℳ.
332 1651 1208 1699 Bei der Abteilung I iſt der Zugang eine Folge
251 1694 1208 1743 der Neuabſchätzung der Stiftungsgrundſtücke durch
253 1740 1210 1789 die Grundeigentumsdeputation, während derſelbe bei
251 1785 1210 1836 Abteilung II neben Kursſteigerungen bei den Wert⸗
251 1829 1210 1881 papieren durch den Hinzutritt des Vermächtniſſes
242 1874 1210 1921 der Geſchwiſter Moſer verurſacht iſt. Der Zugang
253 1917 1209 1967 bei der Abteilung III findet ſeine Begründung darin,
254 1962 1211 2013 daß der Beſtand der einzelnen Stiftungen ſich gegen
255 2008 1006 2058 das Vorjahr um 4391,18 ℳ. erhöht hat.
463 2071 993 2117 B. Das Schuldlagerbuch.
340 2116 1215 2163 Der Abſchluß des Schuldlagerbuches vom
256 2161 1025 2210 31. März d. J. zeigt folgendes Ergebnis:
1304 547 2181 599 A. Allgemeine Verwaltung. In dem Lager⸗
1226 588 2183 645 buche werden Zugänge an Schulden in Höhe von
1228 636 2184 687 6 825 740,35 ℳ. nachgewieſen, denen jedoch Abgänge
1227 681 2184 735 in Höhe von 1 465 266,90 ℳ. gegenüberſtehen, ſodaß
1227 729 2184 778 nach Abrechnung der letzteren 5 360 473,45 ℳ als
1227 770 2186 825 Zugang verbleiben. Im einzelnen ſind in Zugang
1229 809 2186 869 gekommen 500 000 ℳ. Hypothek auf dem Grundſtück
1228 859 2183 912 Kaiſerin Auguſta Allee und 400 000 ℳ. Hypothek auf
1229 901 2184 956 dem Grundſtück am Königs Damm (Dahm'ſche Erben),
1230 948 2187 1001 wobei berückſichtigt werden muß, daß der volle Wert
1231 994 2185 1045 der Grundſtücke im Grundſtücksinventarium als Ver⸗
1231 1039 2186 1091 mögen in Zugang geſtellt iſt; außerdem 1 251 248,56 ℳ.,
1232 1081 2188 1130 2 924 653,97 ℳ. und 200 000 ℳ. Abhebungen für
1228 1126 2189 1180 Rechnung der 1895 er, 1899 er und 1902 er An⸗
1234 1172 2187 1223 leihe, 440 489,60 ℳ. verbliebene Ausgabereſte und
1235 1217 2189 1268 1 109 348,22 ℳ hinzugetretene Vorſchüſſe für Grund⸗
1233 1269 1354 1309 erwerb.
1320 1306 2190 1357 In Abgang ſind gekommen 15000 ℳ und
1235 1351 2191 1397 100 000 ℳ. Anteil an den Hypotheken auf den
1233 1396 2192 1446 Grundſtücken Lützower Straße 14 und Nürnberger
1233 1440 2190 1491 Straße 50/56, 58700 ℳ., 58000 ℳ., 85400 ℳ und
1236 1486 2192 1535 150 600 ℳ planmäßige Tilgungsraten der 1885 er,
1236 1529 2191 1574 1889 er, 1895 er und 1899 er Anleihe und 997 566,90 ℳ
1235 1573 2193 1630 Ausgleich mit dem Grundſtücksinventarium. Dieſe
1235 1617 2194 1668 Summe ſtellt den Unterſchied der zwiſchen den bis
1237 1664 2194 1715 zum Schluſſe des Rechnungsjahres 1902 aufgewen⸗
1237 1708 2195 1753 deten Koſten und den im Grundſtücksinventarium
1238 1754 2196 1803 nachgewieſenen Werten für das Krankenhaus am
1239 1798 2196 1848 Spandauer Berg mit 461 538,80 ℳ, für das Gym⸗
1238 1842 2196 1891 naſium Wormſer Straße 11 mit 335 549,39 ℳ. und
1239 1885 2204 1935 für die Realſchule Guericke Straße mit 200 478,71 ℳ.
1237 1930 2199 1976 Da nun eine neue Wertbemeſſung des ſtädtiſchen
1241 1975 2196 2024 Grundbeſitzes ſtattgefunden hat, bei der der Wert des
1242 2016 2199 2067 Grund und Bodens neu eingeſchätzt und als Ge⸗
1243 2062 2198 2114 bäudewert überall der Feuerkaſſenwert der Berechnung
1242 2106 2200 2162 zu Grunde gelegt iſt, ſo müſſen dieſe Werte als die
1242 2151 2201 2205 richtigen und maßgebenden angeſehen werden. Es
1244 2191 2202 2249 empfiehlt ſich daher. von weiteren derartigen Aus⸗
1245 2239 2204 2294 gleichungen mit dem Grundſtücksinventarium Abſtand
1245 2285 2206 2339 zu nehmen, umſomehr als etwaige noch ausſtehende
1244 2329 2206 2383 Zahlungen auf die nachgewieſenen Bauwerte in dem
1248 2375 2207 2425 oben in Zugang geſtellten Betrage der verbliebenen
1240 2419 2206 2471 Ausgabereſte von 440 489,60 ℳ. ihre Deckung finden.
1248 2464 2208 2512 Mit Rückſicht hierauf ſind die obigen 997 566,90 ℳ.
1248 2510 1733 2563 in Abgang geſtellt worden.
1336 2552 2205 2600 B. Kanaliſationsverwaltung. Die eigent⸗
1250 2597 2207 2650 lichen Zugänge betragen 739 278,02 ℳ, während
1252 2643 2208 2691 156 597,48 ℳ in Abgang geſtellt find. In Zugang
1251 2687 2211 2739 werden nachgewieſen 606 629,24 ℳ Abhebungen für
1250 2727 2217 2786 Rechnung der 1895 er Anleihe und 132 648,78 ℳ.
1252 2775 2212 2828 Mehrbetrag der Ausgabereſte gegen das Vorjahr.
1250 2821 2211 2872 In Abgang ſind gekommen 35400 ℳ., 60900 ℳ.
1251 2870 2214 2916 und 20700 ℳ. Tilgungsraten der 1885 er, 1889 er
1252 2910 2212 2960 und 1895 er Anleihe und 39597,48 ℳ Reſtzahlung
1253 2956 2213 3008 für das Frenzdorf'ſche Grundſtück am Nonnen Damm.
1344 3000 2216 3050 C. Elektrizitätswerk. Bei dieſem Abſchnitt
1255 3044 2215 3092 werden 420330,10 ℳ Abhebungen für Rechnung der
1257 3085 2214 3144 1899 er Anleihe in Zugang, 93200 ℳ. zur Tilgung
1256 3134 2216 3185 derſelben Anleihe und 32373,69 ℳ. Ausgabereſte in
1259 3185 1643 3232 Abgang nachgewieſen.
1346 3222 2218 3274 D. Gasanſtaltsverwaltung. Das Lagerbuch
1258 3268 2220 3322 weiſt Abgänge auf in Höhe von 753 265,43 ℳ., Zu⸗
1258 3314 2219 3366 gänge dagegen in Höhe von 651 255,17 ℳ. Es ver⸗
347 2219 777 2254 Die Schulden betragen:
293 2254 894 2306 a) bei der allgemeinen Verwaltung
301 2306 901 2350 b) bei der Kanaliſationsverwaltung
307 2350 815 2395 c) bei dem Elektrizitätswerk
305 2395 902 2440 d) bei der Gasanſtaltsverwaltung
308 2440 708 2488 e) bei den Stiftungen
938 2308 1206 2345 7 299 832,26 „
938 2353 1205 2392 4 064 468,89 „
918 2398 1202 2433 13 649 076,62 „
1039 2443 1210 2477 132,23 „
712 2489 1217 2542 Zuſammen 55 633 735,23 ℳ.
348 2548 904 2595 Ende März 1902 wurden an
262 2588 674 2638 Schulden nachgewieſen:
309 2641 734 2688 zu a) 25 259 751,78 ℳ.
295 2688 718 2729 zu b) 6 717 151,72 „
304 2729 726 2773 zu c) 3 769 712,48 „
299 2773 708 2816 zu d) 13 751 086,88 „
307 2816 1219 2864 zu e) – in Sa. 49 497 702,86 „
249 2913 904 2962 Mithin iſt für 1902 ein Zuwachs
308 2959 904 3006 an Schulden eingetreten in Höhe
295 3017 378 3046 von
250 3047 906 3096 nämlich bei der allgemeinen Ver⸗
462 3097 692 3138 waltung um
428 3139 906 3185 bei der Kanaliſationsver⸗
473 3186 693 3227 waltung um
429 3227 912 3270 bei dem Elekrizitätswerk um
418 3270 851 3317 bei den Stiftungen um
914 2257 1218 2302 30 620 225,23 ℳ.
947 3002 1224 3042 6 136 032,37 ℳ.
949 3095 1209 3131 5 360 473,45 „
976 3184 1211 3222 582 680,54 „
957 3230 1211 3267 294 756,41 „
1050 3275 1213 3311 132,23 „
753 3325 1229 3362 in Sa. 6 238 042,63 ℳ.
1222 229 1856 280 Durch die Verminderung der Schul⸗
1259 275 1857 322 den bei der Gasanſtaltsverwaltung
1257 338 1325 366 um
1225 374 1859 425 verringert ſich der Schuldenzuwachs
1265 419 1860 467 auf die vorſtehend angegebene
1255 469 1498 508 Summe von
1903 309 2185 356 102 010,26 ℳ.
1903 453 2181 502 6 136 032,37 ℳ.
