2307 3576
1141 131 1205 164 363
508 232 855 273 Druckſache Nr. 280.
208 307 1158 357 Vorlage betr. Verſtärkung einiger Haushaltsplan⸗
202 351 1157 407 nummern im Sonderplan 1 und Erhöhung der
473 402 880 448 Kanaliſationsgebühren.
199 475 713 525 Urſchriftlich mit Akten
333 549 1016 594 an die Stadtverordnetenverſammlung
199 601 804 647 mit dem Antrage, zu beſchließen:
242 652 1160 702 1. Im Sonderplan 1 für die Kanaliſation wer⸗
307 703 1153 748 den die Ausgabeſätze im Abſchnitt 3
305 748 1152 794 Nummer 7, 8, 13 a, 13 c, 13 e, 13 f, 13 g,
308 790 1151 837 13 h, 14 a, 14 b, 14 c, 14 e und 16; im Ab⸗
307 838 1152 886 ſchnitt 5 die Nummern 11 und 21 insgeſamt
305 886 772 928 um 234 650 ℳ verſtärkt.
237 943 1151 990 2. Zur Deckung des Betrages zu 1 wird der
306 989 1149 1038 Jahresſatz der Gebühren für die Benutzung
303 1036 1149 1084 der ſtädtiſchen Kanaliſation für das letzte
302 1081 1149 1128 Vierteljahr des Rechnungsjahres 1919 auf
302 1127 1147 1171 2,7 % – bisher 1,55 % – vom Gebäude⸗
299 1174 674 1216 nutzungswert erhöht.
278 1244 1144 1293 Zu 1. Infolge des Steigens der Löhne und
190 1289 1150 1339 der Materialpreiſe, ſowie auch infolge von Repara⸗
189 1336 1144 1384 turen, die in größerem Umfange ausgeführt wer⸗
186 1381 1143 1430 den mußten, als bei Aufſtellung des Haushalts⸗
185 1422 1143 1479 planes für 1919 vorgeſehen werden konnte, wird es
184 1474 1141 1521 nötig, einige Nummern des Sonderplans 1 (Kana⸗
184 1516 1142 1567 liſation) zu verſtärken. Infolge der Erhöhung der
184 1563 732 1603 Löhne muß verſtärkt werden:
183 1605 887 1655 Abſchn. 3 Nr. 7 (Löhne der Ma⸗
229 1654 703 1700 ſchiniſten, 91 000 ℳ) um
180 1712 886 1764 Abſchn. 3 Nr. 8 (Löhne der Kanal⸗
226 1765 685 1809 arbeiter, 98 000 ℳ) um
181 1822 885 1879 Bei Abſchn. 3 Nr. 13 a (Feue⸗
223 1875 885 1921 rungsmittelbedarf und elektriſche
223 1917 885 1964 Kraft für das Pumpwerk I) ſind als
222 1950 883 2014 Planſoll 405 000 ℳ feſtgeſetzt, wo⸗
223 2009 882 2055 bei für die Tonne Kohle ein Preis
221 2057 878 2100 von 83 ℳ angenommen worden
218 2103 880 2149 war, während bisher tatſächlich
219 2146 879 2193 Preiſe gezahlt werden mußten, die
217 2188 884 2242 84,60 ℳ, 101 ℳ, 109 ℳ, 126 ℳ
214 2240 876 2284 und 130,70 ℳ betrugen. Für die be⸗
218 2283 879 2330 reits gelieferten und für den Reſt
216 2328 878 2375 des Jahres noch erforderlich werden⸗
217 2375 876 2422 den Mengen an Kohle, Koks und
212 2421 876 2467 elektriſchem Strom iſt mit einer Ge⸗
213 2461 875 2515 ſamtausgabe von 520 000 ℳ zu
210 2515 873 2556 rechnen, d. h. die bereits be⸗
210 2549 792 2606 willigten 405 000 ℳ ſind um
212 2603 461 2645 zu verſtärken.
166 2665 873 2714 Die Nr. 13 c im Abſchn. 3 (Be⸗
211 2713 872 2757 triebskraft zum Betriebe der Mo⸗
209 2760 872 2806 toren des Hilfspumpwerkes II) er⸗
205 2804 868 2850 fordert wegen des Steigens der Oel⸗
205 2849 868 2896 preiſe und der minderwertigen Be⸗
207 2895 868 2939 ſchaffenheit des Oeles eine Ver⸗
205 2941 867 2989 ſtärkung von 1000 ℳ auf 2000 ℳ,
204 2983 350 3035 alſo um
161 3045 868 3098 Für Abſchn. 3 Nr. 13 e (Schmier⸗,
203 3096 866 3145 Putz⸗ und Reinigungsmittel) iſt eine
205 3138 874 3193 Verſtärkung von 24 600 ℳ auf
200 3185 598 3239 25 000 ℳ, alſo um
205 3235 408 3281 erforderlich.
957 1656 1131 1703 16 000 ℳ
957 1770 1128 1807 19 500 ℳ
923 2559 1116 2606 115 000 ℳ
956 2992 1116 3041 1 000 ℳ
987 3197 1106 3233 400 ℳ
787 3294 1106 3342 Seite 151 900 ℳ
1718 246 1886 286 Uebertrag
1186 278 1879 331 Bei Abſchn. 3 Nr. 13 f (Geräte
1230 330 1883 375 und Betriebsmittel des Maſchinenbe⸗
1231 372 1882 421 triebes) ſind 2500 ℳ als Planſoll
1231 417 1883 467 eingeſetzt; dieſe Summe iſt infolge
1231 463 1884 509 der erhöhten Materialpreiſe und der
1228 508 1886 555 Arbeitslöhne in den Fabriken auf
1230 553 1561 596 7000 ℳ, alſo um
1230 599 1469 642 zu verſtärken.
1184 666 1888 720 Bei Abſchn. 3 Nr. 13 g (Unterhal⸗
1229 720 1885 764 tung der Werke einſchl. der Druck⸗
1227 763 1886 809 rohre) iſt das Planſoll von
1226 811 1886 857 30 000 ℳ durch Gemeindebeſchluß
1224 851 1887 902 bereits um 34 000 ℳ auf
1224 894 1886 947 64 000 ℳ verſtärkt worden, es hat
1222 945 1886 990 ſich inzwiſchen aber beim Nieder⸗
1226 992 1887 1035 reißen des Mauerwerks an den
1225 1037 1885 1084 Keſſeln wegen Vornahme der
1223 1082 1886 1130 Waſſerdruckprobe gezeigt, daß viel
1221 1127 1883 1175 mehr Siederohre ausgewechſelt wer⸗
1221 1170 1882 1225 den müſſen, als urſprünglich erwar⸗
1226 1222 1883 1267 tet werden konnte; ferner machen
1219 1265 1882 1314 ſich Reparaturen an den Tauch⸗
1219 1313 1880 1357 kolben des Pumpwerkes I, an den
1222 1357 1876 1406 Kreiſelpumpen des Zwiſchenpump⸗
1223 1404 1882 1453 werkes und eine Neuausmauerung
1221 1450 1878 1498 des Generators daſelbſt nötig, ſo
1217 1492 1880 1543 daß insgeſamt ſtatt der 64 000 ℳ
1217 1538 1877 1592 79 000 ℳ erforderlich werden, alſo
1213 1588 1598 1633 ein Mehrbedarf von
1171 1659 1877 1709 Bei Abſchn. 3 Nr. 13 h (Sonſtige
1214 1701 1876 1755 Betriebskoſten) ſind 10 000 ℳ als
1214 1751 1875 1793 Planſoll bewilligt worden. Da die
1213 1797 1875 1844 Kanaliſationsverwaltung ihre
1207 1843 1877 1891 Schlacken nicht mehr koſtenfrei los
1213 1891 1874 1938 wird, wie es bei Aufſtellung des
1209 1934 1875 1983 Sonderplans noch der Fall war, ſon⸗
1211 1981 1872 2029 dern für teures Geld abfahren muß,
1212 2024 1875 2075 ſo iſt dieſe Nummer zu verſtärken
1209 2073 1678 2119 auf 17 500 ℳ, alſo um
1164 2140 1870 2192 Bei Abſchn. 3 Nr. 14 a (Beklei⸗
1208 2192 1872 2239 dung des Perſonals) erhöht ſich das
1206 2235 1870 2285 Planſoll von 7700 ℳ infolge der
1202 2282 1862 2332 Beſchaffung von neuen Kanalſtiefeln,
1204 2328 1869 2370 vermehrter Reparatur der alten
1202 2368 1870 2421 Stiefel, namentlich aber infolge der
1204 2419 1871 2471 hohen Preiſe für die Bekleidung
1204 2462 1667 2516 auf 26 700 ℳ, alſo um
1159 2519 1867 2575 Bei Abſchn. 3 Nr. 14 b (Betriebs⸗
1203 2573 1864 2623 mittel und Geräte im Kanalbetrieb)
1204 2620 1866 2670 erhöht ſich die Ausgabe infolge ver⸗
1201 2667 1867 2717 mehrter Reparaturen, Anſchaffung
1200 2713 1865 2765 neuer Schläuche u. dgl. von 6500 ℳ
1199 2759 1676 2803 auf 16 500 ℳ, alſo um
1156 2817 1862 2872 Bei Abſchn. 3 Nr. 14 c (Unterhal⸗
1200 2869 1861 2918 tung der Anlagen) tritt infolge Er⸗
1199 2915 1864 2961 höhung der Löhne für Maurer und
1202 2961 1862 3012 der Materialpreiſe, namentlich für
1200 3007 1861 3056 Eiſenzeug, eine Erhöhung ein von
1199 3050 1858 3105 9000 ℳ auf 23 000 ℳ, alſo um
1153 3103 1858 3158 bei Abſchn. 3 Nr. 14 e (Abfuhr von
1195 3153 1860 3205 Sand, Papier uſw.) infolge erhöhter
1197 3200 1859 3251 Fuhrlöhne von 4000 ℳ auf
1198 3243 1585 3299 10 000 ℳ, alſo um
1926 251 2115 285 151 900 ℳ
1978 549 2125 604 4 500 ℳ
1949 1584 2123 1636 15 000 ℳ
1965 2077 2120 2133 7 500 ℳ
1939 2471 2114 2526 19 000 ℳ
1936 2765 2112 2819 10 000 ℳ
1929 3060 2105 3114 14 000 ℳ
1948 3252 2104 3302 6 000 ℳ
1775 3317 2099 3355 Seite 227 900 ℳ
