2328 3642
1063 71 1129 103 485
135 153 1096 199 Kapitalanſammlung ſtattgefunden haben. Die Ab⸗
134 198 1096 244 gänge von zuſammen 19 091,08 ℳ beruhen im
135 241 1096 288 weſentlichen auf Wertverminderungen infolge Kurs⸗
137 285 1096 332 rückgangs der Inhaberpapiere. Außerdem ſind bei
138 330 1096 377 der einſtweiligen Kapitalanſammlung 1047,73 ℳ
138 376 1094 422 vom Sparguthaben abgehoben und Wertpapiere im
140 421 886 460 Nennwert von 4900 ℳ verkauft worden.
223 463 1095 511 Die Abteilung III, „Kaſſenbarbeſtände am
138 504 1097 558 Jahresſchluß“ weiſt einen Zugang von 3 174 161,40 ℳ
137 553 1093 601 auf und zwar haben ſich gegen das Vorjahr erhöht:
138 598 1092 644 der Beſtand des Ordinariums des Hauptetats um
137 641 1092 687 527 717,41 ℳ, der Beſtand des Extraordinariums
136 688 1093 732 des Hauptetats um 2 617 528,48 ℳ und die Aſſervate
136 727 1090 773 um 28 915,51 ℳ. Die Werte der Naturalien, Ma⸗
137 776 1093 820 terialien uſw. – Abteilung V – entſprechen mit
139 820 1092 867 ihrem Zugange von 50 340,19 ℳ den Feſtſtellungen
139 864 521 908 am 31. März d. Js.
226 909 1089 954 Der Zugang bei den Werten des Mobiliars,
137 950 1092 1003 Inventars uſw. – Abteilung VI – von 189 261,37 ℳ
138 998 867 1042 iſt auf Neuanſchaffungen zurückzuführen.
225 1042 1089 1088 Bei der Abteilung IV „Ausſtehende Einnahme⸗
135 1084 1089 1131 reſte am Jahresſchluß“ ergibt ſich aus der Gegen⸗
135 1129 1088 1176 überſtellung der Einnahmereſte laut Jahresabſchluß
136 1173 1086 1221 für 1903 mit denen für 1902 ein Abgang von
135 1220 387 1256 23 785,75 ℳ.
221 1262 1088 1309 B. Kanaliſationsverwaltung. Gegenüber
134 1306 1087 1351 dem Vorjahr ſind Zugänge eingetreten bei der Ab⸗
134 1350 1086 1394 teilung I „Grundbeſitz“ von 2 344 677,63 ℳ, bei
133 1394 1087 1440 der Abteilung II „Ausſtehende Kapitalien“ von
135 1439 1086 1485 68 087,80 ℳ, bei der Abteilung III „Kaſſenbarbe⸗
135 1483 1086 1526 ſtände am Jahresſchluß“ von 85 950,88 ℳ, bei der Ab⸗
135 1527 1100 1572 teilung IV „Ausſtehende Einnahmereſte am Jahres⸗
133 1570 1086 1618 ſchluß“ von 90 569,39 ℳ bei der Abteilung V „Wert
135 1614 1087 1659 der Naturalien, Materialien uſw.“ von 6877,60 ℳ
134 1659 1085 1704 und bei der Abteilung VI „Wert des Mobiliars,
133 1702 1087 1752 Inventars uſw.“ von 5870,51 ℳ, zuſammen von
134 1748 440 1786 2 602 033,81 ℳ.
223 1792 1089 1839 Bei der Abteilung I „Grundbeſitz“ werden an
133 1835 1088 1885 Zugängen 151 500 ℳ für den Neubau der Zwiſchen⸗
133 1879 1088 1924 pumpſtation am Nonnendamm, 21 352 ℳ und
137 1925 1089 1969 1 578 935 ℳ für den Neuerwerb von Rieſellände⸗
134 1969 1090 2014 reien pp. und 885 942,13 ℳ für den Ausbau der
134 2008 1089 2062 unterirdiſchen Kanaliſationsanlagen, zuſammen
135 2058 1090 2107 2 637 729,13 ℳ nachgewieſen. Demgegenüber find
133 2102 1091 2148 293 051,50 ℳ in Abgang geſtellt, nämlich 6400 ℳ
132 2144 1088 2193 und 230 ℳ Wertverminderung bei den Grundſtücken
131 2189 1087 2235 und 286 421,50 ℳ Abſchreibungen bei den unter⸗
131 2233 678 2279 irdiſchen Kanaliſationsanlagen.
221 2278 1085 2321 Der Zugang von 68 087,80 ℳ bei der Ab⸗
131 2322 1084 2370 teilung II „Ausſtehende Kapitalien“ ſetzt ſich aus
129 2367 1084 2411 reinen Zugängen in Höhe von 111 817,63 ℳ und
130 2411 1084 2461 43 729,83 ℳ Abgängen zuſammen. Die Reinzu⸗
130 2455 1084 2502 gänge ſind durch Neuanlegungen für den Reſervefonds
130 2499 1084 2547 der Kanaliſationsverwaltung und den Reſervefonds
129 2544 1084 2593 der Lagerplatzverwaltung hervorgerufen, wohingegen
128 2587 1084 2635 der noch einziehbare Reſt an einmaligen Kanaliſations⸗
128 2630 1086 2679 beiträgen ſich gegen das Vorjahr um 43 729,83 ℳ
130 2676 381 2717 verringert hat.
218 2721 1084 2767 Die Abteilung III „Kaſſenbarbeſtände am
128 2764 1085 2811 Jahresſchluß“ weiſt einen Zugang von 85 950,88 ℳ
128 2809 1084 2860 auf und zwar haben ſich gegen das Vorjahr erhöht:
128 2854 1085 2905 der Beſtand des Ordinariums des Sonderetats der
127 2897 1085 2947 Kanaliſationsverwaltung um 33 070,39 ℳ und die
127 2943 640 2988 Aſſervate um 52 880,49 ℳ.
215 2989 1085 3038 Der Zugang bei den ausſtehenden Einnahmereſten
130 3032 1085 3084 – Abteilung IV – von 90 569,39 ℳ ergibt ſich
130 3076 1084 3128 aus dem Vergleich des Jahresabſchluſſes für 1903
129 3122 474 3167 mit dem für 1902.
209 3168 1088 3220 Die Werte der Naturalien, Materialien uſw. –
129 3209 1085 3268 Abteilung V – entſprechen mit ihrem geringen
1124 154 2083 201 Zugang von 6877,60 ℳ den Feſtſtellungen am
1126 199 2083 244 31. März d. Js., während der Zugang bei dem Werte
1126 244 2093 289 des Mobiliars, Inventars uſw. – Abteilung VI –
1125 288 2085 332 von 5870,51 ℳ auf Neuanſchaffungen, insbeſondere
1126 332 2085 378 für Inventar und maſchinelle Anlagen auf dem Pump⸗
1125 377 1892 421 werk am Nonnendamm zurückzuführen iſt.
1214 422 2087 467 C. Elektrizitätswerk. Die Zugänge dieſes
1124 466 2087 509 Abſchnittes betragen bei der Abteilung IV „Aus⸗
1124 510 2090 554 ſtehende Einnahmereſte am Jahresſchluß“ 110 ℳ
1123 555 2086 597 und bei der Abteilung VI „Wert des Mobiliars,
1122 600 2088 644 Inventars uſw.“ 312 466,54 ℳ, zuſammen
1123 645 2089 689 312 576,54 ℳ. Dagegen werden Abgänge nachge⸗
1122 690 2090 733 wieſen bei der Abteilung I „Grundbeſitz“ von
1122 734 2088 777 351 064,51 ℳ und bei der Abteilung III „Kaſſen⸗
1121 778 2089 822 barbeſtände am Jahresſchluß“ von 2097,59 ℳ, zu⸗
1121 822 2089 866 ſammen von 353 162,10 ℳ, ſodaß ſich eine Ver⸗
1121 866 1980 912 mögensverminderung von 40 585,56 ℳ ergibt.
1210 912 2088 957 Der Zugang bei der Abteilung IV „Außen⸗
1121 957 2089 1000 ſtehende Einnahmereſte am Jahresſchluß“ von 110 ℳ
1120 1001 2086 1045 entſpricht dem Ergebnis des Jahresabſchluſſes für 1903.
1209 1046 2086 1089 Bei der Abteilung VI „Wert des Mobiliars,
1120 1089 2086 1134 Inventars uſw.“ iſt der Zugang von 312 466,54 ℳ
1120 1134 2085 1177 durch Neuanſchaffungen für maſchinelle Anlagen ſowie
1118 1179 1920 1223 für Inventar und Werkzeuge hervorgerufen.
1205 1223 2086 1266 Zum Abgang von 351 064,51 ℳ bei der Ab⸗
1117 1268 2082 1312 teilung I „Grundbeſitz“ iſt folgendes zu bemerken.
1117 1312 2084 1356 Als Wert der Gebäude iſt im Vorjahr der von der
1118 1357 2083 1401 Grundeigentums⸗Deputation angegebene Feuerkaſſen⸗
1117 1401 2082 1444 wert angenommen worden. Nachträglich hat ſich
1117 1445 2083 1489 aber herausgeſtellt, daß der Feuerkaſſenwert ſich nicht
1117 1489 2083 1533 allein auf die Gebäude, ſondern auch auf die Ma⸗
1117 1533 2082 1579 ſchinen bezog, die im Vermögenslagerbuch unter Ab⸗
1116 1579 2083 1623 teilung VI beſonders nachgewieſen werden. Um den
1116 1622 2082 1666 Feuerkaſſenwert der Maſchinen iſt mithin der Wert
1117 1667 2083 1713 des Grundbeſitzes im Vorjahr zu hoch angegeben
1118 1712 2082 1756 worden. Dies iſt nunmehr durch entſprechende Ab⸗
1118 1756 2082 1804 gangsſtellung richtiggeſtellt worden. Der Abgang
1119 1800 2084 1844 bei der Abteilung III „Kaſſenbarbeſtände am
1118 1844 2082 1889 Jahresſchluß“ von 2097,59 ℳ ergibt ſich aus dem
1120 1889 2084 1932 Wegfall des Beſtandes des Extraordinariums des
1120 1933 1418 1976 Elektrizitätsetats.
1207 1978 2085 2023 D. Gasanſtaltsverwaltung. Gegenüber den
1122 2021 2084 2069 Abſchlußzahlen des Vorjahres ſind Zugänge eingetreten
1120 2067 2084 2111 bei der Abteilung II „Ausſtehende Kapitalien“ von
1119 2112 2083 2158 339 463,05 ℳ, bei der Abteilung III „Kaſſenbar⸗
1119 2154 2085 2198 beſtände am Jahresſchluß“ von 185 031,62 ℳ, bei
1118 2198 2083 2242 der Abteilung V „Wert der Naturalien, Materialien
1115 2241 2083 2291 uſw.“ von 50 280,55 ℳ und bei der Abteilung VI
1117 2282 2085 2336 „Wert des Mobiliars, Inventars uſw.“ von 43 193,26 ℳ
1114 2330 2082 2382 zuſammen 617 968,48 ℳ. Demgegenüber ſtehen
1115 2375 2082 2427 Abgänge von insgeſamt 248 599,85 ℳ und zwar
1116 2419 2082 2469 bei der Abteilung I „Grundbeſitz“ in Höhe von
1116 2465 2082 2514 115 226 ℳ und bei der Abteilung IV „Ausſtehende
1114 2507 2081 2558 Einnahmereſte am Jahresſchluß“ in Höhe von
1116 2554 2081 2604 133 373,85 ℳ, ſodaß ein Vermögenszuwachs von
1114 2596 1656 2638 noch 369 368,63 ℳ verbleibt.
1203 2643 2080 2691 Als „Ausſtehende Kapitalien“ werden bei der
1114 2686 2080 2736 Abteilung II am Schluſſe des Rechnungsjahres 1903
1115 2733 2080 2780 457 740,94 ℳ nachgewieſen, gegen 118 277,89 ℳ
1114 2772 2080 2824 im Vorjahre. In dem Kaſſenbarbeſtande – Ab⸗
1114 2820 2080 2868 teilung III –, welcher ſich von 606 440,82 ℳ
1114 2865 2081 2914 auf 791 472,44 ℳ, mithin um 185 031,62 ℳ erhöht
1116 2906 2080 2963 hat, ſind auch die von den Gasabnehmern beſtellten
1115 2954 2079 3006 Sicherheiten im Betrage von 286 913,99 ℳ enthalten.
1204 3000 2087 3049 Die Werte der Naturalien, Materialien uſw. –
1114 3043 2080 3097 Abteilung V – entſprechen mit ihrem Zugange von
1115 3090 2077 3142 50 280,55 ℳ den Feſtſtellungen am 31. März d. J.,
1114 3135 2078 3186 während der Zugang bei dem Werte des Mobiliars,
1113 3177 2077 3231 Inventars uſw. – Abteilung VI – auf Neuan⸗
1114 3224 1653 3274 ſchaffungen zurückzuführen iſt.
