2329 3641
1142 117 1209 148 460
210 203 1171 250 insgeſamt 3 094 615 ℳ. Unter Abſchnitt d „für
214 247 1171 294 Zwecke der Feuerwehr“ iſt das Grundſtück der
212 291 1170 338 Feuerwache Suarezſtr. 8/9 nach Abzweigung von
211 335 1169 379 dem unter Abſchnitt b aufgeführten Schulgrund⸗
212 380 1169 427 ſtück Witzlebenſtr. 34/35 mit 422 065 ℳ in Zugang
210 429 461 471 nachgewieſen.
297 470 1170 513 Dazu tritt der Wert von Erweiterungs⸗ und
210 514 1173 556 Neubauten mit 616 250 ℳ (davon 7000 ℳ Schiller⸗
209 558 1168 602 ſtraße 27/32, 5650 ℳ Goetheſtr. 10/11, 12 000 ℳ.
209 602 1169 645 Charlottenburger Ufer 49, 3600 ℳ Sybelſtr.,
209 647 1171 690 577 000 ℳ Höhere Mädchenſchule III, Danckel⸗
208 692 1172 735 mannſtraße 26/28 und 11 000 ℳ Krankenhaus
211 737 1177 780 Kirchſtr. 19/20). Durch Erhöhungen des
209 781 1170 823 Feuerkaſſenwertes ſind in Zugang nachgewieſen:
208 825 1172 865 20 800 ℳ beim Grundſtück am alten und neuen
208 868 1172 911 Fürſtenbrunner Weg, 1550 ℳ beim Grundſtück
209 913 1173 955 an der Niebuhrſtraße, 2150 ℳ beim Grundſtück
209 957 1172 1001 Keplerſtr. 29 und 22 000 ℳ beim Grundſtück
210 1002 1172 1045 Schillerſtr. 27/32, zuſammen 46 500 ℳ. Unter
210 1046 1168 1089 Berückſichtigung weiterer Zugänge von 6022 ℳ
210 1091 1168 1133 für die Abortanſtalt am Tegeler Weg, von 8717 ℳ
210 1134 1170 1176 für die Bedürfnisanſtalten Wilmersdorfer Straße,
211 1178 1171 1220 Ecke Krumme Straße, ſowie Guſtav Adolf⸗Platz,
210 1222 1174 1264 von 663 349 ℳ für Brückenbauten, 1924 ℳ für
213 1268 1172 1309 den Ausbau der unterirdiſchen Feuermeldeleitung
213 1312 1173 1354 und 1000 ℳ bei den Fiſchereinutzungen beläuft ſich
210 1356 1172 1398 der Geſamtzugang bei der Abteilung I auf 4860 442 ℳℳ.
300 1400 1173 1443 In Abgang ſind insgeſamt 4 005 466  nach⸗
213 1445 1173 1488 gewieſen. Darin ſind enthalten die Werte von
210 1484 1174 1530 520 720 ℳ für verkaufte Reſtgrundſtücke an der
212 1528 1174 1581 Bismarckſtraße, von 210 000 ℳ für den gleichfalls
214 1578 1174 1620 verkauſten Teil des Grundſtücks Berliner Straße 158,
212 1622 1173 1661 von 1 489 376 ℳ und 1 271 800 ℳ für die den
213 1665 1175 1706 Gaswerken überwieſenen Grundſtücke Keplerſtr. 29
209 1705 1173 1757 und Straße 6—V1, ſowie Straße 24—/1 und von
209 1753 1172 1797 407 665 ℳ für das vom Schulgrundſtück abgezweigte
210 1798 1173 1841 Grundſtück der Südfeuerwache. Ferner ſind einge⸗
208 1843 1171 1888 rechnet zuſammen 89 000 ℳ verminderter Feuer⸗
208 1886 1169 1931 kaſſenwert bei 3 Grundſtücken und Abſchreibungen
206 1931 1172 1975 in Höhe von zuſammen 16 905 ℳ bei den. Abort⸗
206 1975 1172 2018 und Bedürfnisanſtalten und der unterirdiſchen
208 2019 1172 2064 Feuermeldeleitung. Von letzterer Summe beziehen
206 2064 1171 2110 ſich 2298 ℳ auf die abgebrochene Bedürfnisanſtalt
208 2112 630 2154 am Stuttgarter Platz.
297 2150 1172 2202 Bei der Abteilung II Ausſtehende
209 2199 1171 2242 Kapitalien— ſind 3 073 538 ℳ in Zugang
206 2243 1169 2285 und 2 801 947 ℳ in Abgang, mithin 271 591 ℳ
207 2287 1173 2331 rein in Zugang nachgewieſen. Die Veränderungen
207 2331 1173 2377 ſind folgende: Auf das Sparkaſſenbuch der Be⸗
206 2376 1173 2421 triebskapitalien ſind 500 ℳ und auf das Spar⸗
207 2420 1172 2466 kaſſenbuch des Ausgleichsfonds 391 ℳ eingezahlt
210 2465 1172 2509 worden. Die Anliegerbeiträge weiſen eine Zunahme
208 2508 1177 2551 von 39 844 ℳ und die eiſernen Vorſchüſſe von 500 ℳ
208 2553 1172 2597 auf. Neu ſind nachgewieſen 2 313 563 K Koſten
207 2597 1172 2641 für den Erwerb eines Teils der Jungfernheide.
207 2641 1173 2687 Der bezügliche Grundbeſitz ſelbſt iſt noch nicht be⸗
208 2684 1174 2732 wertet, weil die Auflaſſung bis zum Schluſſe des
208 2729 1174 2777 Rechnungsjahres 1907 noch nicht ſtattgefunden
205 2775 1174 2820 hatte. Zur Anlegung in Inhaberpapieren ge⸗
208 2817 1175 2865 langten 148 948 ℳ bei der einſtweiligen Kapital⸗
208 2860 1175 2909 anſammlung und 569 792 ℳ beim Ausgleichfonds.
205 2906 1173 2954 Dies ergibt einen Geſamtzugang von 3 073 538 ℳ.
207 2951 1173 2999 In Abgang ſind gekommen 500 ℳ Teilrückzahlung
209 2997 1170 3043 der Hypothek der Betriebskapitalien, 892 723 ℳ
210 3041 1173 3088 zurückgezahlte Reſtkaufgelder für verkaufte Grund⸗
209 3086 1172 3130 ſtücke in der Bismarckſtraße, 200 ℳ Abhebung
210 3130 1173 3176 vom Sparkaſſenbuch der einſtweiligen Kapitalan⸗
208 3173 1174 3219 ſammlung, 1 844 831 ℳ. Verminderung der ſonſtigen
211 3218 1174 3267 ein Rückforderungsrecht gegen Dritte begründenden
214 3264 1174 3312 Vorſchüſſe und zuſammen 63 693  Kursverluſte
1200 199 2161 244 der Inhaberpapiere, und zwar 29 485 ℳ bei den
1202 246 2160 288 Betriebskapitalien, 23 636  bei der einſtweiligen
1201 290 2160 333 Kapitalanſammlung, 43 A beim Prämienfonds
1199 335 1917 377 und 10 529 ℳ beim Ausgleichfonds.
1289 379 2161 423 Die Abteilung IⅠI — Kaſſen⸗
1200 424 2156 467 barbeſtände am Jahresſchluß— weiſt
1203 468 2157 510 Zugänge auf von 88 277 4 beim Beſtande des
1202 513 2158 554 Extraordinariums des Hauptetats, von 58 735 ℳ
1201 556 2161 599 bei den Aſſervaten und erſtmals einen Beſtand des
1205 601 2161 644 Sonderetats Nr. 9 — Müllbeſeitigung — von
1203 645 2160 688 40 536 ℳ; zuſammen von 187 548 . Nach
1203 690 2161 733 Abzug des Abganges von 118 099 ℳ, um welchen
1204 735 2159 777 Betrag ſich der Beſtand des Ordinariums des
1203 777 2160 820 Hauptetats gegen das Vorjahr vermindert hat,
1203 823 2070 864 verbleibt ein reiner Zugang von 69 449 ℳ.
1292 862 2159 913 Bei der Abteilung IV—Ausſtehende
1202 907 2166 957 Einnahmereſte am Jahresſchluß —
1202 956 2163 998 ergibt ſich aus der Gegenüberſtellung der Einnahme⸗
1200 1001 2161 1043 reſte laut Jahresabſchluß für 1907 mit denen für
1203 1044 1857 1086 1906 ein Zugang von 219 542 ℳ.
1289 1088 2165 1130 Der Wert der Materialien uſw. —
1202 1132 2163 1174 Abteilung V— wird um 2662 ℳ niedriger
1201 1172 2161 1223 und der Wert des Mobiliars, Inventars,
1202 1221 2162 1263 der Maſchinen uſw. — Abteilung VI
1199 1266 2163 1308 — infolge von Neuanſchaffungen um 99 336 ℳ
1202 1310 2163 1352 höher nachgewieſen als am Schluſſe des Rechnungs⸗
1202 1356 1436 1395 jahres 1906.
1288 1398 2162 1440 B. Kanaliſationswerke. Gegen⸗
1202 1443 2160 1485 über dem Vorjahr ſind Abgänge nachgewieſen:
1203 1487 2167 1529 bei der Abteilung ⅠⅠ — Ausſtehende Kapitalien —
1204 1532 2161 1574 von 97 618 ℳ, bei der Abteilung ⅠV.— Ausſtehende
1205 1577 2160 1618 Einnahmereſte am Jahresſchluß — von 17 078 ℳ,
1204 1620 2160 1661 bei der Abteilung V. — Werte der Materialien uſw.
1203 1664 2161 1704 — von 2610 ℳ und bei der Abteilung VI— Wert
1204 1707 2159 1748 des Mobiliars, Inventars uſw. — von 31 355 ℳ,
1203 1751 2158 1793 zuſammen von 148 661 ℳ. Einen Zugang weiſt
1202 1796 2158 1838 lediglich die Abteilung 1 — Grundbeſitz — in Höhe
1203 1840 2160 1883 von 83 569 ℳ auf. Die Gegenüberſtellung von
1203 1885 2160 1927 Abgang und Zugang ergibt, daß das Vermögen
1202 1930 2160 1970 der Kanaliſationsverwaltung um 65 092 A geringer
1202 1973 1861 2015 nachgewieſen wird als im Vorjahr.
1290 2017 2163 2060 Der Zugang bei der Abteilung I —
1204 2061 2159 2104 Grundbeſitz — von 83 569 4 bezieht ſich
1202 2107 2160 2149 mit 9 315 ℳ auf die Errichtung einer Feldſcheune
1202 2151 2161 2194 und mit 25 860 ℳ auf die Erhöhung des Feuer⸗
1202 2196 2160 2238 kaſſenwertes der zum Rieſelgut Karolinenhöhe
1202 2238 2161 2282 gehörigen Baulichkeiten, ſowie mit 48 394 ℳ auf
1202 2282 2164 2325 den Ausbau der unterirdiſchen Kanaliſationsanlagen.
1293 2328 2161 2371 Bei der Abteilung II — Aus⸗
1202 2369 2161 2421 ſtehende Kapitalien — iſt der Abgang
1202 2418 2162 2460 von 97 618 ℳ darauf zurückzuführen, daß der
1202 2463 2162 2505 Reſt des einmaligen Kanaliſationsbeitrages um
1205 2506 2162 2548 10 782 ℳ am Schluſſe des Rechnungsjahres 1907
1203 2547 2165 2593 niedriger war als am Schluſſe des Vorjahres, daß
1203 2591 2162 2636 ferner ein Fehlbetrag beim Ordinarium des Kanali⸗
1202 2636 2162 2680 ſationsetats für 1906 aus dem Beſtande des Reſerve⸗
1203 2682 2162 2725 fonds zu decken war und demgemäß 1094 K vom
1206 2727 2162 2770 Sparkaſſenbuch abgehoben und von den Inhaber⸗
1204 2772 2160 2813 papieren Stücke im Nennwerte von 52 000 ℳ
1205 2815 2162 2858 verſilbert werden mußten. Außerdem ſind die
1203 2856 2165 2902 Inhaberpapiere um 33 742 ℳ im Kurswert zurück⸗
1204 2909 1388 2948 gegangen.
1292 2949 2165 2992 Die ausſtehenden Einnahme⸗
1203 2993 2165 3038 reſte am Jahresſchluß — Abtei⸗
1202 3034 2166 3087 lung IV— weiſen einen Abgang von 17,078 ℳ.
1203 3083 2166 3128 auf, der ſich aus dem Vergleich der laut Jahres⸗
1202 3124 2165 3171 abſchluß für 1907 verbliebenen Reſteinnahmen mit
1203 3171 2163 3216 denen des Vorjahres ergibt. Der Abgang von
1204 3213 2166 3265 2610 ℳℳ bei der Abteilung V entſpricht der
1204 3257 2163 3306 Feſtſtellung der Verte der Materialien
