2976 3645
1455 87 1483 128 4
108 183 1435 232 quartierungskoſten 21 086,91 ℳ. in Abzug zu bringen. Letztere ſind
108 227 1435 275 dem betreffenden Fonds pro 1892/93 in Einnahme zugeführt, während für
108 271 1434 318 die Reſtausgaben die entſprechenden Deckungsmittel aus dem Beſtande des
108 316 1434 368 Vorjahres bereit zu halten ſind. Der buchmäßige Beſtand verringert ſich
106 357 1435 415 demnach insgeſammt um 134 738,14 ℳ, nämlich von 176 813,73 ℳ. auf
106 407 1432 456 42 075,59 ℳ. Letztere Summe kann als wirklicher Reinüberſchuß des
103 450 1432 500 Rechnungsjahres 1891/92 angeſehen werden. Wenn man erwägt, daß die
104 493 1431 543 ſtädtiſchen Behörden von der Einziehung des Gemeinde⸗Einkommenſteuer⸗
102 539 1431 584 Zuſchlags für die Klaſſenſteuerſtufen 1 und 2 – die Einkommen bis ein⸗
104 584 1430 634 ſchließlich 900 ℳ. betreffend – für das II. Semeſter des Jahres 1891/92
101 628 1435 680 Abſtand genommen haben, ſo iſt das erzielte wirthſchaftliche Reſultat als
102 673 1430 719 ein günſtiges zu betrachten. – Die Iſt⸗Einnahme an Gemeindeeinkommen⸗
102 712 1441 771 ſteuer hat bei dem bisherigen Satz von 150 % Zuſchlag zur Klaſſen⸗ und
102 761 1433 811 klaſſifizirten Einkommenſteuer 1 302 225,41 ℳ. abzüglich 26 527,42 ℳ.
101 806 1428 852 Rückzahlungen, mithin 1 275 697,99 ℳ. betragen. Da der Etat eine
101 847 1427 903 Solleinnahme von 1 358 200,00 ℳ. vorſieht, ſo iſt bei der Gemeinde⸗
101 896 1425 946 Einkommenſteuer eine Mindereinnahme von 82 502,01 ℳ. erzielt worden.
99 941 1427 991 Dagegen überſteigen die Iſt⸗Einnahmen bei den Zuſchlägen zur Grund⸗
98 985 1425 1036 ſteuer bezw. Gebäudeſteuer (60 %) und bei der Hundeſteuer die Etatsanſätze
97 1032 1425 1082 um bezw. 4,85 ℳ., 10 725,39 ℳ. und 850,40 ℳ. Nähere ſtatiſtiſche
97 1073 1425 1120 Angaben über die Steuerverhältniſſe ſind in Anlage II enthalten. Die
97 1118 1424 1170 Mindereinnahme aus der Steuerverwaltung, welche ſich nach Vorſtehendem
97 1165 1423 1214 noch auf 70 921,37 ℳ. beziffert, findet reichlich ihre Deckung in den
96 1208 1422 1256 Mehreinnahmen aus dem Ueberweiſungsgeſetz vom 14. Mai 1885 und
95 1252 1422 1302 in dem Mehrüberſchuß, den die ſtädtiſche Gasanſtalt gegenüber dem Vor⸗
95 1298 1421 1345 anſchlag des Etats erzielt hat. Als Antheil des Stadtkreiſes aus dem
95 1341 1417 1397 Ueberweiſungsgeſetz (lex huene) waren im Etat 100 000 ℳ vorgeſehen.
92 1386 1418 1436 Zugefloſſen ſind der Stadt jedoch 159 732 ℳ. Ebenſo hat der Ueber⸗
92 1432 1423 1482 ſchuß aus dem Betriebe der Gasanſtalten in Wirklichkeit 352 808,38 ℳ.
91 1477 1418 1523 betragen, während im Etat dieſe Einnahme nur auf 330 000 ℳ. veran⸗
90 1521 1416 1571 ſchlagt war. Im Uebrigen verweiſen wir bezüglich der Einnahmen und
89 1566 1415 1616 Ausgaben des Ordinariums, insbeſondere bezüglich der gegen die Etats⸗
88 1611 1416 1660 anſätze erzielten Mehr⸗ und Minder Einnahmen reſp. ⸗Ausgaben auf den
88 1657 671 1701 abgedruckten Finalabſchluß ſelbſt.
193 1712 1415 1761 Das Extraordinarium ſchließt pro 1891/92 mit einer Ausgabe
85 1759 1415 1800 von 4 186 495,32 ℳ., ab. Hiervon ſind 3 305 433,24 ℳ. aus Mitteln
84 1802 1414 1848 der 1889er Anleihe und die übrigen 881 062,08 ℳ. aus den eigenen
85 1846 1413 1891 Einnahmen des Extraordinariums gedeckt. Unter den letzteren befinden
83 1891 1412 1937 ſich allein 690 584,17 ℳ. einmalige Canaliſationsabgaben. – Von den
82 1934 1410 1982 Ausgaben des Extraordinariums entfallen auf den Bau von Schulhäuſern pp.
81 1979 1411 2028 incl. Ausſtattung 559 974,46 ℳ, (darunter für die höhere Bürgerſchule
81 2026 1409 2073 263 057,50 ℳ., für die Gemeindeſchule in der Sophie Charlotten Straße
80 2071 1408 2116 249 536,99 ℳ. und jenſeits der Spree 43 082,64 ℳ.), ferner auf den
79 2114 1407 2159 Erweiterungsbau des Krankenhauſes 100 101,79 ℳ., auf die Kanaliſations⸗
79 2160 1406 2204 bauten einſchließlich Rieſelfelder 958 527,06 ℳ., auf Straßenbauten ins⸗
77 2203 1407 2250 beſondere auf den Bau der Ladeſtraße am Charlottenburger Ufer und die
77 2248 1407 2295 verlängerte Wallſtraße 162 995,87 ℳ. und auf den Bau des Feuerwehr⸗
76 2293 1405 2339 dienſtgebäudes 3 438,96 ℳ. Im Uebrigen ſind ausgegeben für die Amor⸗
75 2333 1406 2385 tiſation der 1874er Anleihe pp. 127 200 ℳ, für Grunderwerb 327 653,50 ℳ.,
74 2381 1405 2428 für den Neubau der Gasanſtalt II incl. Bauzinſen 1 530 826,49 ℳ. und
73 2425 686 2470 für Verſchiedenes 415 777,19 ℳ.
178 2481 1405 2529 Bei den unter Verwaltung der Stadtgemeinde ſtehenden 26 Stif⸗
72 2527 1404 2574 tungen und Legaten pp. ſind in dem Berichtsjahre insgeſammt an
70 2568 1403 2620 Zinſen pp. 62 392,96 ℳ. vereinnahmt und für Zwecke der Stiftungen
70 2613 1402 2664 hiervon 60 492,24 ℳ. verausgabt worden, ſo daß an Beſtänden zuſammen
72 2660 1401 2708 1 900,72 ℳ. in das Rechnungsjahr 1892/93 übertragen ſind. Hieran ſind
71 2703 1402 2754 7 Stiftungen, darunter die v. Platen und v. Lentzcke Stiftung II mit
71 2751 480 2795 1 457,94 ℳ. betheiligt.
175 2799 1399 2854 Der Geſammt Geldverkehr in der Stadt Haupt Kaſſe hat ſich
66 2847 1398 2898 im Jahre 1891/92 in der Weiſe geſtaltet, daß einſchließlich der Aſſervate
67 2893 1397 2943 und Vorſchüſſe in Sa. 12 014 330,48 ℳ. zur Vereinnahmung und da⸗
66 2943 1397 2989 gegen 11 549 645,10 ℳ. zur Verausgabung gelangt ſind. Es ſind mithin
66 2982 1396 3030 am Jahresſchluſſe in der Haupt Kaſſe im Beſtande verblieben 464 685,38 ℳ
171 3045 1395 3096 In dem ſtädtiſchen Depoſitorium befanden ſich am Jahresſchluß
67 3094 1394 3134 1890/91 2 996 393,80 ℳ. in Dokumenten und 1 733,87 ℳ. in baar.
62 3132 1395 3184 Im Laufe des Jahres 1891/92 ſind hinzugekommen 987 413,56 ℳ. in
63 3177 1394 3230 Dokumenten, 23 824 in baar. In Abgang kommen dagegen 1 119 780,99 ℳ.
62 3222 1393 3274 Dokumente und 23 273,42 ℳ. baar. Es verblieben mithin im Depoſitorium
63 3268 1407 3315 am Jahresſchluß 1891/92 2 864 026,37 ℳ Dokumenie und 2 284,45 ℳ.
62 3312 1392 3363 baar. Hierunter befinden ſich Depoſiten der Stadtgemeinde (Kapitalfonds,
61 3357 1392 3410 Erneuerungsfonds) 842 300 ℳ., Amts Kautionen der ſtädtiſchen Kaſſen⸗
59 3403 1393 3450 beamten 42 703,53 ℳ., Vertrags Kautionen 470 728,51 ℳ. Dokumente
58 3448 1391 3496 und 900 ℳ. baar, Bau Kautionen 557 677,95 ℳ. Dokumente, 1 384,45 ℳ.
1491 189 2829 244 baar, Gasanſtalts Kautionen 12 109,13 ℳ., Stiftungs Kapitalien der
1490 234 2830 288 unter ſtädtiſcher Verwaltung ſtehenden Stiftungen pp. 892 836,61 ℳ.,
1491 277 2075 322 ſonſtige Depoſiten 45 670,64 ℳ.
1597 341 2823 398 Das geſammte Kämmerei Vermögen belief ſich nach Anlage III
1490 385 2824 444 Ende März 1892 auf 25 587 525,82 ℳ. gegen 23 606 652,22 ℳ. Ende
1490 430 2825 480 März 1891. Der Zuwachs beträgt mithin 1 980 873,60 ℳ. Das
1489 474 2819 527 Stiftungs Vermögen beziffert ſich Ende März 1892 auf 1 692 211,61 ℳ.
1488 523 2821 570 gegen 1 139 624,70 ℳ. im Vorjahre. Das Mehr von 552 586,91 ℳ.
1488 563 2819 619 iſt durch den Hinzutritt des Werthes der Kayſer'ſchen Stiftung hervor⸗
1487 608 2820 662 gerufen. Die Schulden der Stadtgemeinde betragen nach der be⸗
1487 653 2819 707 treffenden Nachweiſung (cfr. Anlage IV) Ende März 1892 15 888 450 ℳ.
1486 701 2821 753 gegen 12 999 250 ℳ. im Vorjahre. Das Anwachſen derſelben wird durch
1486 743 2818 796 den ſchnellen Aufbrauch der Mittel der 1889er Anleihe bedingt. Von den
1488 788 2819 841 12 Millionen Mark dieſer Anleihe ſind bis zum Jahresſchluß 1891/92
1485 832 2817 889 bereits 9 362 900 ℳ. zur Verausgabung gelangt und zwar für nach⸗
1484 876 1764 920 ſtehende Zwecke:
1537 939 2513 988 1. Zu Vorarbeiten für den Neubau eines Rathhauſes
2640 950 2824 988 8 000 ℳ.
1536 983 2509 1035 2. Für den Bau des Realgymnaſiums incl. Ausſtattung
2618 990 2824 1037 19 500 ℳ.
1536 1029 2517 1078 3. Für den Bau der höheren Mädchenſchule, insbeſondere
1588 1071 1907 1116 für die Turnhalle
2616 1085 2816 1120 29 000 ℳ.
1534 1117 2513 1167 4. Für den Bau der höheren Bürgerſchule incl. Aus⸗
1587 1161 1721 1201 ſtattung
2592 1174 2810 1209 490 300 ℳ.
1534 1196 2378 1251 5. Für den Bau des Feuerwehrdienſtgebäudes
2592 1216 2822 1253 116 200 ℳ.
1533 1250 2418 1299 6. Für den Erweiterungsbau des Krankenhauſes
2592 1264 2812 1299 117 000 ℳ.
1534 1295 2509 1347 7. Für den Neubau der Gasanſtalt II einſchließlich
1584 1341 1811 1376 Grunderwerb
2556 1347 2820 1386 3 852 900 ℳ.
1532 1384 2514 1436 8. Für den Bau einer Ladeſtraße am Charlottenburger
1581 1425 1659 1471 Ufer
2591 1437 2818 1477 193 500 ℳ.
1528 1474 2504 1522 9. Zu Brücken und Wegebauten (March⸗Cauer⸗Brücke,
1580 1519 1916 1559 verl. Schloßſtraße)
2582 1523 2817 1566 143 200 ℳ.
1505 1559 2147 1609 10. Für den Bau der Kanaliſation
2554 1568 2818 1618 3 436 300 ℳ.
1505 1607 2510 1661 11. Für Grunderwerb zu Schulhausbau⸗ und Wege⸗
1580 1653 1765 1696 bauzwecken
2588 1653 2807 1699 505 300 ℳ
1506 1696 2503 1748 12. Für eine dem Bauinſpektor a. D. Dietz gewährte
1577 1741 1983 1783 Hypothek (ſiehe unten)
2608 1749 2817 1794 65 000 ℳ.
1502 1780 2287 1831 13. Kaufgeld für den Friedrich Karl Platz
2633 1796 2812 1833 6 000 ℳ.
1503 1828 2193 1875 14. Amortiſation der 1874er Anleihe
2587 1839 2822 1876 359 600 ℳ.
1502 1875 2366 1923 15. Für Druck und Stempel der Anleiheſcheine
2601 1886 2805 1929 21 100 ℳ.
2363 1935 2803 1974 Summa 9 362 900 ℳ.
1573 2017 2804 2071 Ueber die Thätigkeit des Aichungsamtes im Jahre 1891 giebt
1466 2061 2294 2112 die nachſtehende Zuſammenſtellung Aufſchluß:
1524 2170 2046 2216 Bezeichnung der Gegenſtände
2179 2145 2324 2193 Aichung
2202 2193 2296 2228 Stück
2393 2146 2548 2195 Rückgabe
2426 2194 2521 2239 Stück
2632 2152 2759 2194 Befund
2651 2196 2745 2231 Stück
1464 2275 1703 2317 Längenmaaße
2267 2288 2286 2315 9
2456 2265 2500 2316 –
2679 2265 2729 2315 –
1464 2320 1779 2363 Flüſſigkeitsmaaße
2244 2332 2286 2361 24
2492 2335 2507 2363 1
2714 2337 2738 2363 2
1464 2365 2030 2409 Meßwerkzeuge für Flüfſigkeiten
2215 2368 2288 2403 –
2459 2368 2506 2403 –
2681 2375 2728 2404 –
1463 2409 1948 2456 Handelsgewichte aus Eiſen
2220 2421 2284 2450 613
2480 2414 2518 2450 5
2691 2425 2736 2453 63
1553 2456 2133 2499 desgl. aus anderem Metall
1464 2499 1677 2542 Poſtgewichte
2205 2456 2298 2499 265
2237 2506 2280 2538 –
2445 2468 2509 2497 100
2471 2504 2519 2539 1
2655 2462 2734 2499 365
2712 2512 2731 2542 5
1462 2544 1958 2589 Gleicharmige Balkenwaagen
2241 2555 2280 2584 21
2473 2550 2517 2583 8
2711 2558 2733 2587 4
1527 2589 2099 2640 desgl. oberſchalige oder Tafel⸗
1566 2643 1700 2674 waagen
2263 2646 2278 2674 1
2472 2640 2518 2677 4
2710 2648 2732 2676 4
1459 2674 1857 2721 Dezimalbrückenwaagen
2240 2689 2282 2717 13
2453 2688 2507 2754 14
2696 2688 2750 2754 3
1459 2718 1928 2765 Centeſimalbrückenwaagen
2238 2733 2282 2762 14
1458 2765 2096 2818 Brückenwaagen mit Laufgewicht und
1564 2813 1674 2848 Skala
2259 2824 2275 2852 1
2440 2812 2506 2851 –
2650 2808 2732 2850 –
1455 2853 2120 2900 Waagen für Eiſenbahnpaſſagiergepäck
2215 2858 2274 2894 –
2438 2858 2504 2894 –
2648 2858 2720 2894 –
1454 2900 1887 2943 Kaſtenmaaße aus Eiſen
2259 2912 2275 2941 1
2438 2905 2500 2937 –
2664 2905 2727 2937 –
1452 2943 1889 2992 Kummtmaaße aus Holz
2259 2948 2282 2989 1
2435 2949 2500 2985 –
2654 2949 2729 2985 –
1453 2992 1946 3039 Meßrahmen für Brennholz
2213 2998 2272 3034 –
2436 2998 2501 3034 –
2663 2998 2719 3034 –
1560 3055 2793 3107 Die Einnahme an Aichgebühren im Berichtsjahre 1891/92 betrug
1455 3100 2792 3151 774,25 ℳ., die Ausgabe belief ſich einſchließlich der Koſten für die polizei⸗
1452 3143 2793 3191 lichen Maaß⸗ und Gewichtsreviſionen auf 827,35 ℳ. Die auf Grund der
1451 3187 2791 3237 Reviſionen feſtgeſetzten und eingegangenen Polizeiſtrafen ſind in der
1450 3233 2052 3279 obigen Einnahme nicht enthalten.
1557 3278 2791 3328 Das der Stadtgemeinde und der Louiſenkirche gemeinſchaftlich ge⸗
1450 3322 2790 3373 hörende Terrain des Pferdemarktes auf dem Spandauer Berge iſt
1450 3366 2792 3418 noch bis Ende Februar 1896 an den Marktpächter Hermann Krüger
1448 3409 2788 3471 in Berlin für eine jährliche Pacht von 10 200 ℳ. verpachtet. Es fanden
1449 3457 1824 3500 8 Pferdemärkte ſtatt.
