2323 3658
1167 176 1229 207 124
235 266 1177 321 Titel 2 (Sächliche Ausgaben) die Poſ. 1
392 313 1179 370 „Unterhaltung der Löſch⸗ und Uebungs⸗
391 356 1177 406 geräthe einſchl. der Dampfſpritzen“ von
393 400 945 447 6040 ℳ. erhöht auf 6540 ℳ.
339 443 1175 490 Poſ. 14. „Brennmaterialien“ von 2000 ℳ.
390 489 845 534 herabgeſetzt auf 1700 ℳ.
274 558 1127 612 II. Straßenreinigung und Beſprengung.
230 615 918 664 Titel 3 „Perſönliche Ausgaben“.
336 659 1173 713 Poſ. 3. „Lohn für 8 Kolonnenführer“ zu
387 704 906 754 ändern in 9 Kolonnenführer.
333 747 1171 801 Poſ. 4. „Lohn für 91 Straßenarbeiter“ zu
386 793 1171 837 ändern in 90 Straßenarbeiter. Die ein⸗
384 838 1074 884 geſtellten Beträge bleiben unverändert.
331 879 1169 937 Poſ. 5. „Lohn für 40 Arbeitsburſchen
382 926 1169 976 24870 ℳ.“ zu ändern in „Lohn für
382 968 1168 1017 20 Arbeitsburſchen“ 12435 ℳ.“ In der
382 1013 1166 1062 Rubrik Erläuterungen ſind in der An⸗
382 1059 1166 1106 merkung zu dieſer Poſition die Worte „die
380 1103 1165 1154 vorhandenen Arbeitsburſchen werden auf⸗
378 1146 789 1192 gebraucht“ zu ſtreichen.
220 1201 882 1250 Titel 4 „Sächliche Ausgaben“.
324 1251 1162 1306 Poſ. 1a. Beſpannung und Bedienung von
378 1301 1157 1346 13 Kehrmaſchinen je 3300 ℳ. = 42900 ℳ.
373 1344 1160 1392 herabgeſetzt auf 11 Kehrmaſchinen und
372 1389 565 1423 36300 ℳ.
318 1430 1159 1479 Poſ. 1b. Beſpannung und Bedienung von
375 1476 1157 1519 14 Spülwagen je 3300 ℳ. = 46200 ℳ.
370 1519 1157 1567 herabgeſetzt auf 12 Spülwagen und 39600 ℳ.
318 1563 1157 1612 Poſ. 1d. Beſprengung von 33 Wagen je
370 1607 1157 1655 6 Monate je Monat und Wagen 250 ℳ.
362 1653 1156 1701 = 49600 ℳ. herabgeſetzt auf 27 Wagen
366 1695 650 1734 und 40500 ℳ.
315 1737 1155 1791 Poſ. 4. „Anſchaffung von je 2 Straßenſpül⸗
366 1786 1108 1831 wagen 4275,70 ℳ. wird geſtrichen, und
313 1820 1151 1880 Poſ. 5. „Anbringung der Miller'ſchen Spreng⸗
364 1870 1151 1920 vorrichtung an 2 vorhandene Sprengwagen
365 1914 1151 1963 700 ℳ.“ geſtrichen (vgl. einmalige Aus⸗
362 1957 483 2000 gaben).
205 1998 994 2048 Titel 6 – „Bekleidungskammer“ –
309 2042 1148 2094 Poſ. 1c. Beſchaffung von Kleidungsſtücken
360 2088 1149 2133 für 5 Aufſeher und 139 Arbeiter der
361 2132 1147 2182 Straßenreinigung 3333 ℳ. in Folge
358 2176 1147 2226 Streichung von 20 Arbeitsburſchen herab⸗
358 2221 720 2264 geſetzt auf 2833 ℳ.
477 2282 878 2329 Einmalige Ausgaben.
202 2338 1144 2387 Titel 7. Kabellegung zu unterirdiſchen Feuer⸗
358 2383 1143 2431 meldeleitungen als 2. Rate ſind ſtatt 50000 ℳ.
359 2428 775 2478 einzuſtellen 100000 ℳ.
200 2485 1143 2531 Titel 8. Beſchaffung von Apparaten für die
356 2531 1144 2579 Telegraphie der Feuerwehr 4000 ℳ. auf
356 2574 959 2620 Antrag des Magiſtrats geſtrichen.
198 2631 1143 2678 Titel 12. „Anſchaffung von 6 Sprengwagen mit
352 2672 1141 2722 Miller'ſcher Sprengvorrichtung je 1150 ℳ.
345 2720 792 2766 = 6900 ℳ.“ geſtrichen.
196 2777 1141 2826 Titel 13. „Anſchaffung von 2 eiſernen Schnee⸗
351 2822 1138 2870 pflügen je 680 ℳ. = 1360 ℳ.“ geſtrichen.
193 2873 650 2925 Titel 14 wird Titel 11.
193 2921 1141 2972 Titel 12 neu einzuſetzen „Anbringung der Miller'ſchen
351 2966 1140 3015 Sprengvorrichtung an 8 vorhandenen
348 3011 801 3056 Sprengwagen 2800 ℳ.“
563 3101 764 3151 Einnahme.
188 3158 1137 3212 Titel 1 – Feuerlöſchweſen – Poſ. 3. „Inanſpruch⸗
345 3207 1137 3253 nahme der Feuerwehr außerhalb des Feuer⸗
345 3245 1137 3301 löſchdienſtes“ von 2200 ℳ. herabgeſetzt auf
347 3291 516 3329 1100 ℳ.
1560 283 1797 335 Kapitel X.
1242 341 2113 388 Berichterſtatter Herr Stadtverordneter Boerner.
1513 415 1840 459 Ausgabe Seite 3.
1204 473 1655 519 Titel 1 Parkverwaltung.
1308 516 2150 570 Poſ. 11 „Pflaſterarbeiten um die Baumkränze
1358 564 1729 608 3000 ℳ.“ geſtrichen,
1305 607 2147 655 Poſ. 12 „Leiſtungen für andere ſtädtiſche Ver⸗
1358 653 2153 698 waltungen und für Private pp. 3500 ℳ.“
1357 695 1809 739 herabgeſetzt auf 2500 ℳ.
1199 750 1827 799 Titel 2 Städtiſche Volksbibliothek.
1304 796 2144 846 Poſ. 3 „Ankauf neuer Bücher, Büchererſatz und
1357 839 2144 890 Einbinden von Büchern 10000 ℳ.“ herab⸗
1355 885 2144 932 geſetzt auf 8000 ℳ. (vergl. einmalige Aus⸗
1356 928 1646 971 gaben Titel 24).
1195 984 1714 1026 Titel 6 „Volksbadeanſtalt.“
1300 1025 2144 1078 Poſ. 7 „Brennmaterial u. ſ. w.“ von 24000 ℳ.
1349 1073 1852 1115 herabgeſetzt auf 21 000 ℳ.
1299 1115 2140 1167 Poſ. 11 „Waſſerverbrauch“ von 800 ℳ. herab⸗
1351 1160 1701 1204 geſetzt auf 600 ℳ.
1191 1214 2138 1266 Titel 8 Poſ. 6 auf Antrag des Magiſtrats herab⸗
1349 1261 2139 1313 geſetzt von 4850 ℳ. auf 4025 ℳ. und hat
1348 1306 1707 1346 wie folgt zu lauten:
1400 1348 2039 1394 Für die öffentlichen Abortanſtalten:
1347 1393 1928 1439 a) an den Unternehmer Otto Protz
1397 1436 1926 1481 in Berlin, Auguſt Straße 6
1396 1480 1927 1521 für den Betrieb und die Unter⸗
1399 1525 1925 1568 haltung von 9 Abortanſtalten,
1395 1568 1924 1616 zahlbar vierteljährlich nachher
1396 1611 1843 1655 auf beſondere Anweiſung
1966 1609 2138 1659 3375 ℳ.
1342 1652 1748 1701 b) Waſſerverbrauch pp.
1989 1664 2126 1704 650 „
1967 1718 2143 1755 4025 ℳ.
1430 1769 1880 1815 Einmalige Ausgaben.
1181 1823 2131 1877 Titel 13 „Neuanlage von Raſenſtreifen auf dem
1286 1868 2129 1918 Kurfürſtendamm zwiſchen Uhlandſtraße und
1285 1912 2131 1965 Kaiſer Wilhelm Gedächtnißkirche an der Straßen⸗
1285 1957 1853 2004 dammſeite“ 1075 ℳ. geſtrichen.
1163 2012 2126 2067 Titel 14 wird Titel 13, ſoll lauten „Beſchaffung
1281 2059 2127 2103 von ca. 200 Baumſcheibengittern à 15 ℳ.“ und
1282 2100 2128 2150 wird herabgeſetzt von 7500 ℳ. auf 3000 ℳ.
1176 2156 2127 2214 Titel 15 wird Titel 14, ſoll lauten „Beſchaffung
1276 2205 2127 2251 von ca. 200 Baumſchutzgittern à 10 ℳ.“ und
1281 2246 2124 2296 wird von 3600 ℳ. herabgeſetzt auf 2000 ℳ.
1333 2303 1890 2351 Als neuer Titel iſt einzuſtellen:
1173 2344 2124 2398 Titel 15 Bepflanzung der Bleibtreu Straße von
1278 2390 2125 2449 Lietzenburger Straße bis Peſtalozzi Straße,
1278 2436 2124 2488 der Krumme Straße von Bismarck Straße bis
1278 2478 2125 2534 Wilmersdorfer Straße, der Weimarer Straße
1277 2524 2126 2577 von Bismarck Straße bis Peſtalozzi Straße,
1277 2567 2125 2620 der Peſtalozzi Straße von Grolman Straße bis
1275 2610 2126 2662 Kaiſer Friedrich Straße (Nordſeite) und der
1277 2654 1737 2699 Goethe Straße 6000 ℳ.
1170 2709 2125 2773 Titel 21 ſoll lauten „Herſtellung einer ſiebenſtändigen
1266 2757 2125 2812 Bedürfnißanſtalt am Spandauer Berg und Ver⸗
1274 2800 2126 2850 ſetzung der zweiſtändigen Anſtalt vom Karl
1275 2845 2136 2902 Auguſt Platz nach dem Guſtav Adolf Platz“
1275 2890 2126 2947 und wird von 12800 ℳ. herabgeſetzt auf
1277 2934 1463 2970 10000 ℳ.
1326 2978 1504 3014 Als neuer
1167 3020 1621 3068 Titel 24 iſt einzuſtellen:
1273 3065 2125 3125 Ankauf neuer Bücher, Büchererſatz in Folge des
1273 3109 1890 3162 Umzuges der Bibliothek 2000 ℳ.
1466 3194 1825 3249 Einnahme Seite 1.
1163 3258 1635 3317 Titel 1 Parkverwaltung.
1269 3305 2129 3374 Poſ. 4 „Erſtattungen von anderen ſtädtiſchen
