2282 3685
1201 164 1268 195 536
274 242 1224 306 (von 5129,72 ℳ) geliefert hat. Auch die Volks⸗
275 292 1220 349 badeanſtalt und die Fleiſchſchau haben kleinere
277 331 1221 393 Mehreinnahmen, alle übrigen Unternehmungen jedoch
278 376 1221 437 unerhebliche Mindereinnahmen zu verzeichnen. Wie
278 426 1222 479 die Mehreinnahmen, ſo treffen auch die Mehraus⸗
279 468 1222 527 gaben hauptſächlich die Parkverwaltung, nämlich in
277 511 1223 570 Höhe von 12 165,80 ℳ. Außerdem hat die Volks⸗
280 557 1223 612 bibliothek 4318,78 ℳ mehr verausgabt, während die
280 602 1224 657 Desinfektionsanſtalt 2389,35 ℳ, die Volksbadeanſtalt
283 647 1224 698 1461,82 ℳ und die übrigen Unternehmungen kleinere
281 692 1224 746 Beträge erſpart haben. Im ganzen betragen die
281 731 1224 789 Mehraufwendungen danach noch 10 032,13 ℳ. We⸗
281 779 1225 834 ſentlicher iſt die Überſchreitung der einmaligen Aus⸗
282 823 1225 880 gaben um 21 365,55 ℳ, die mit 5000 ℳ für die
282 868 1226 921 Bücherausgabeſtelle im Oſten der Stadt, mit 6500 ℳ
283 909 1225 968 zur Errichtung einer Bedürfnisanſtalt auf dem Witten⸗
283 959 1232 1011 berg Platz, mit 950 ℳ zur Beſchaffung von Baum⸗
284 1002 1227 1054 ſcheiben und mit 9000 ℳ zur Ausſchmückung des
285 1050 906 1098 Platzes M verwendet worden ſind.
372 1092 1228 1139 Kapitel ⅩⅠ. Die Mehreinnahmen von
287 1134 1228 1184 3226,27 ℳ ſind durch Zugänge an Mieten für die
287 1179 1229 1230 Grundſtücke Lützow 7/8 und Berliner Straße 10
287 1228 530 1277 hervorgerufen.
375 1268 1229 1315 Beim Kapitel ⅩⅠⅠ iſt durch vorübergehende
287 1313 1229 1363 Anlegung von Beſtänden der Stadthauptkaſſe eine
288 1357 1229 1407 Mehreinnahme von 24 342,13 ℳ erzielt worden,
289 1402 1230 1451 obwohl die aus dem Kontokorrentverkehr mit der
290 1444 1233 1495 Gasanſtalt erwartete Zinſeneinnahme von 21 000 ℳ
291 1491 1231 1540 ausgeblieben iſt, weil eine Entnahme von Betriebs⸗
290 1536 1231 1579 mitteln aus der Stadthauptkaſſe ſich infolge der
291 1580 1230 1628 ſchnelleren Einziehung der Gasgelder erübrigt hat.
292 1624 1231 1669 Bei der einſtweiligen Kapitalanſammlung ſind in⸗
293 1668 1232 1716 folge günſtiger Kapitalanlage 516,12 ℳ Zinſen mehr
294 1712 1232 1760 aufgelaufen. Hieraus erklärt ſich zugleich die Mehr⸗
294 1757 1233 1804 ausgabe von 516,12 ℳ — 88,70 ℳ für kleinere
294 1803 1234 1849 Poſten ＝ 427,42 ℳ, da die geſamte Zinſeneinnahme
294 1848 1233 1891 wieder an das Extraordinarium zur weiteren zins⸗
294 1893 892 1936 baren Anlegung verausgabt wird.
381 1935 1236 1979 Kapitel ⅩⅠⅠⅠ. Wie im Vorjahre, iſt der
295 1980 1235 2024 Verbrauch der Anleihemittel erheblich über die Er⸗
295 2025 1236 2070 wartungen hinausgegangen, was einerſeits für die
294 2070 1235 2116 Rückverzinſung des Guthabens der Stadt von dem
295 2113 1235 2159 Übernahmekonſortium einen Ausfall von 43016,75 ℳ,
295 2160 1238 2203 andererſeits aber ſo weſentlich höhere Beiträge der
294 2203 1238 2248 Anleihebaufonds uſw. zur Folge gehabt hat, daß
294 2248 1241 2292 ſich ingeſamt noch eine Mehreinnahme von 34 308,01 ℳ
296 2294 1238 2338 ergibt. Eine weitere Verſchiebung gegen den Vor⸗
297 2339 1240 2382 anſchlag iſt in dem Verbrauche der Anleihemittel
296 2383 1239 2428 ſelbſt noch inſofern eingetreten, als der An⸗
300 2428 1242 2471 leihebaufonds und der Grundſtückserwerbsfonds be⸗
299 2471 1241 2518 deutend mehr, die Sonderverwaltungen hingegen
300 2517 1242 2562 weniger Anleihemittel verbraucht haben. Infolge⸗
301 2560 1242 2607 deſſen haben auch die Anleihebaufonds und der
301 2603 1242 2652 Grundſtückserwerbsfonds 142 111,86 ℳ mehr und die
301 2649 1242 2697 Sonderverwaltungen 65 395,85 ℳ weniger zur Ver⸗
301 2694 1149 2742 zinſung und Tilgung der Anleihen beigetragen.
390 2738 1243 2788 Bei den Ausgaben waren zur Verzinſung
302 2781 1243 2832 ſchwebender Schulden etwas höhere Aufwendungen,
303 2826 1245 2875 als im Etat vorgeſehen, erforderlich; indeſſen konnte
304 2870 1247 2920 an der Vergütung für Einlöſung von Anleihe⸗ und
303 2914 1247 2964 Zinsſcheinen und an den Koſten für den Druck der
305 2960 837 3004 Anleiheſcheine geſpart werden.
391 3004 1248 3060 Kapitel ⅩⅠⅤ weiſt Minderreinnahmen in Höhe
305 3044 1248 3093 von 8089,64 ℳ beim Militärweſen und von 4829,20 ℳ
305 3092 1247 3145 an Mahngebühren auf, die bis auf 7571,41 ℳ durch
306 3137 1248 3190 Mehreinnahmen aus den Hebe⸗ und Veranlagungs⸗
306 3182 1249 3235 gebühren, Jagdſcheingebühren und erſtatteten Gerichts⸗
307 3227 1249 3282 koſten wieder gedeckt werden. An den Erſparniſſen
306 3272 1250 3325 bei den fortdauernden Ausgaben ſind in der Haupt⸗
307 3315 1251 3366 ſache die Provinzialabgaben mit 24 679 ℳ und das
308 3361 1003 3409 Militärweſen mit 8447,55 ℳ beteiligt.
1338 231 2191 282 Die einmaligen Mehr⸗Ausgaben ſind mit
1250 280 2191 331 6000 ℳ für die Ferienkolonien, mit 3000 ℳ für
1250 325 2192 374 den Verein für Armen und Krankenpflege und mit
1251 369 2191 423 je 300 ℳ für den Landesverein preußiſcher Zeichen⸗
1251 414 2192 464 lehrer und den Charlottenburger Schwimmverein
1253 461 1411 507 bewilligt.
1340 502 2194 552 Kapitel ⅩⅤ. Die Gemeindeſteuern weiſen
1251 547 2194 597 in dieſem Jahr die ſtattliche Mehreinnahme von
1253 592 2194 639 233 123,65 ℳ auf, was umſo erfreulicher iſt, als in den
1253 637 2195 687 letzten 4 Jahren das Steueraufkommen die bei der
1254 681 2195 730 Etatsaufſtellung gehegten Erwartungen nicht erfüllt
1253 725 2196 775 hat. Von dem Mehrertrag entfallen auf die Gemeinde⸗
1254 769 2196 814 einkommenſteuer 73155,22 ℳ, auf die Grundſteuer
1257 815 2195 860 11041,36 ℳ, auf die Umſatzſteuer 100 255,42 ℳ,
1255 853 2196 908 auf die Gewerbeſteuer 47 944,65 ℳ und auf die
1254 902 2197 952 Hundeſteuer 1563 ℳ. Allein die Betriebsſteuer iſt
1256 947 2197 995 um 810 ℳ hinter dem Etatsſoll von 28 900 ℳ zu⸗
1256 998 1484 1039 rückgeblieben.
1305 1044 2161 1094 Zu B. Extraordinarium des Hauptetats.
1345 1089 2198 1135 Die Beſtände der 1895er und 1899er Anleihe
1257 1134 2196 1183 ſind in das Rechnungsjahr 1905 übernommen worden.
1257 1178 2198 1227 Dasſelbe gilt von dem bei der 1902er Anleihe ver⸗
1259 1223 2198 1271 bliebenen Vorſchuß, deſſen Deckung aus den Mitteln
1258 1268 2136 1314 des Bismarckſtraßenunternehmens erfolgen wird.
1306 1322 2164 1369 Zu C. Ordinarium des Sonderetats der
1452 1363 2036 1411 Kanaliſations⸗Verwaltung.
1348 1409 2199 1454 Der Beſtand von 147 143,81 ℳ ſetzt ſich haupt⸗
1259 1453 2205 1504 ſächlich aus Mehreinnahmen an Kanaliſationsgebühren
1260 1498 2199 1547 und aus Erſparniſſen bei der Verzinſung und
1260 1544 2198 1592 Schuldentilgung zuſammen. Er iſt beſtimmungs⸗
1260 1589 2199 1637 gemäß zum Reſervefonds der Kanaliſationsverwaltung
1260 1638 1589 1682 zinsbar anzulegen.
1262 1685 2199 1734 Zu K. Sonderetat der Stiftungen, Ver⸗
1585 1732 1900 1777 mächtniſſe uſw.
1351 1775 2202 1821 Der verbliebene Beſtand von 4113,50 ℳ ver⸗
1262 1818 2200 1869 teilt ſich auf die einzelnen Stiftungen und Ver⸗
1263 1869 1644 1912 mächtniſſe, wie folgt:
1263 1908 1615 1954 Münchhoff⸗Stiftung
1264 1951 1780 2002 Kaiſer Wihelm⸗Vermächtnis
2048 1904 2201 1945 322,55 ℳ
2091 1945 2202 1991 2,95 ℳ
1265 1997 1791 2047 von Platenſches Vermächtnis
2028 1993 2202 2034 1992,33 ℳ
1266 2044 1550 2093 Bethge⸗Stiftung
2050 2039 2203 2081 822,24 ℳ
1265 2089 1877 2136 Dispofitionsfonds des Magiſtrats
2047 2082 2208 2127 180,90 ℳ
1266 2134 1713 2178 Weiherſches Vermächtnis
2073 2126 2204 2169 13,72 ℳ
1266 2175 1840 2224 Charlottenburger Ackerkommune
2067 2171 2204 2212 40,45 ℳ
1267 2220 1949 2272 Wilhelm und Bianka Kayſer⸗Stiftung
2073 2215 2210 2259 19,34 ℳ
1267 2272 1569 2314 Bramer⸗Stiftung
2052 2260 2211 2302 184,49 ℳ
1267 2312 1579 2362 Fritſche Stiftung
2045 2304 2212 2351 123,38 ℳ
1268 2357 2022 2405 Vermächtnis des Barons George Kill⸗Mar
2069 2350 2206 2399 31,85 ℳ
1269 2406 1703 2450 Chriſtian Otto⸗Stiftung
2094 2394 2207 2438 2,74 ℳ
1269 2445 1926 2497 Vermächtnis der Geſchwiſter Moſer
2048 2438 2208 2482 376,56 ℳ
1270 2505 1628 2550 zuſammen wie oben
2032 2492 2213 2538 4113,50 ℳ
1269 2553 2207 2604 Zu Ⅼ. Ordinarium des Sonderetats für die
1366 2599 2145 2648 Verbreiterung der Bismarck⸗Straße.
1361 2640 2208 2693 Der Vorſchuß von 44,36 ℳ iſt in das Rech⸗
1272 2686 2209 2740 nungsjahr 1905 übernommen. Deckung iſt in den
1273 2728 2209 2785 verbliebenen Reſteinnahmen von 60 ℳ vorhanden.
1361 2770 2210 2828 Hinſichtlich der verbliebenen Reſteinnahmen und
1274 2823 2210 2874 Reſtausgaben wird auf die anliegende Zuſammen⸗
1274 2868 2210 2918 ſtellung und hinſichtlich der am Jahresſchluß ver⸗
1275 2901 2212 2964 bliebenen Aſſervate und Vorſchüſſe auf die fernerhin
1276 2961 1961 3009 beiliegenden Nachweiſungen verwieſen
1366 2998 2211 3053 Wegen Aufräumung der Aſſervate und Vor⸗
1277 3050 2085 3099 ſchüſſe iſt das Nötige in die Wege geleitet.
1366 3077 2213 3143 Bezüglich der noch zu bewilligenden Etatsüber⸗
1276 3126 2213 3188 ſchreitungen bei der Stadthauptkaſſe erfolgt eine be⸗
1277 3189 1580 3234 ſondere Vorlage.
1383 3211 2211 3279 Charlottenburg, den 20. September 1905.
1603 3276 1932 3322 Der Magiſtrat.
1504 3319 2017 3374 Schuſtehrus. Scholtz.
1284 3371 1428 3404 Ⅴ. 343.
